%YAML 1.1
%TAG !u! tag:unity3d.com,2011:
--- !u!114 &-8973435692404639897
MonoBehaviour:
  m_ObjectHideFlags: 0
  m_CorrespondingSourceObject: {fileID: 0}
  m_PrefabInstance: {fileID: 0}
  m_PrefabAsset: {fileID: 0}
  m_GameObject: {fileID: 0}
  m_Enabled: 1
  m_EditorHideFlags: 0
  m_Script: {fileID: 11500000, guid: c18180ecb35941f4682ae60107b85b7c, type: 3}
  m_Name: bank:/Guns.bank
  m_EditorClassIdentifier: 
  Path: AdvMechanicsFinal/Build/Desktop/Guns.bank
  SubDir: 
  lastModified: 637222909043720654
  LoadResult: 0
  FileSizes: []
  Exists: 0
--- !u!114 &-8704617817628187458
MonoBehaviour:
  m_ObjectHideFlags: 0
  m_CorrespondingSourceObject: {fileID: 0}
  m_PrefabInstance: {fileID: 0}
  m_PrefabAsset: {fileID: 0}
  m_GameObject: {fileID: 0}
  m_Enabled: 1
  m_EditorHideFlags: 0
  m_Script: {fileID: 11500000, guid: c18180ecb35941f4682ae60107b85b7c, type: 3}
  m_Name: bank:/Dialogue.bank
  m_EditorClassIdentifier: 
  Path: AdvMechanicsFinal/Build/Desktop/Dialogue.bank
  SubDir: 
  lastModified: 637221179955483800
  LoadResult: 0
  FileSizes: []
  Exists: 0
--- !u!114 &-8688187495595972331
MonoBehaviour:
  m_ObjectHideFlags: 0
  m_CorrespondingSourceObject: {fileID: 0}
  m_PrefabInstance: {fileID: 0}
  m_PrefabAsset: {fileID: 0}
  m_GameObject: {fileID: 0}
  m_Enabled: 1
  m_EditorHideFlags: 0
  m_Script: {fileID: 11500000, guid: c18180ecb35941f4682ae60107b85b7c, type: 3}
  m_Name: bank:/Music.bank
  m_EditorClassIdentifier: 
  Path: AdvMechanicsFinal/Build/Desktop/Music.bank
  SubDir: 
  lastModified: 637221179956540976
  LoadResult: 0
  FileSizes: []
  Exists: 0
--- !u!114 &-8669377191954741722
MonoBehaviour:
  m_ObjectHideFlags: 0
  m_CorrespondingSourceObject: {fileID: 0}
  m_PrefabInstance: {fileID: 0}
  m_PrefabAsset: {fileID: 0}
  m_GameObject: {fileID: 0}
  m_Enabled: 1
  m_EditorHideFlags: 0
  m_Script: {fileID: 11500000, guid: c18180ecb35941f4682ae60107b85b7c, type: 3}
  m_Name: bank:/Master.bank
  m_EditorClassIdentifier: 
  Path: AdvMechanicsFinal/Build/Desktop/Master.bank
  SubDir: 
  lastModified: 637221179346791092
  LoadResult: 0
  FileSizes: []
  Exists: 0
--- !u!114 &-8464807398794442023
MonoBehaviour:
  m_ObjectHideFlags: 0
  m_CorrespondingSourceObject: {fileID: 0}
  m_PrefabInstance: {fileID: 0}
  m_PrefabAsset: {fileID: 0}
  m_GameObject: {fileID: 0}
  m_Enabled: 1
  m_EditorHideFlags: 0
  m_Script: {fileID: 11500000, guid: c18180ecb35941f4682ae60107b85b7c, type: 3}
  m_Name: bank:/Guns.bank
  m_EditorClassIdentifier: 
  Path: AdvMechanicsFinal/Build/Desktop/Guns.bank
  SubDir: 
  lastModified: 637221179346711315
  LoadResult: 0
  FileSizes: []
  Exists: 0
--- !u!114 &-8456076119348747010
MonoBehaviour:
  m_ObjectHideFlags: 0
  m_CorrespondingSourceObject: {fileID: 0}
  m_PrefabInstance: {fileID: 0}
  m_PrefabAsset: {fileID: 0}
  m_GameObject: {fileID: 0}
  m_Enabled: 1
  m_EditorHideFlags: 0
  m_Script: {fileID: 11500000, guid: c18180ecb35941f4682ae60107b85b7c, type: 3}
  m_Name: bank:/Guns.bank
  m_EditorClassIdentifier: 
  Path: AdvMechanicsFinal/Build/Desktop/Guns.bank
  SubDir: 
  lastModified: 637220982196933862
  LoadResult: 0
  FileSizes: []
  Exists: 0
--- !u!114 &-8334022064809140587
MonoBehaviour:
  m_ObjectHideFlags: 0
  m_CorrespondingSourceObject: {fileID: 0}
  m_PrefabInstance: {fileID: 0}
  m_PrefabAsset: {fileID: 0}
  m_GameObject: {fileID: 0}
  m_Enabled: 1
  m_EditorHideFlags: 0
  m_Script: {fileID: 11500000, guid: c18180ecb35941f4682ae60107b85b7c, type: 3}
  m_Name: bank:/UI.bank
  m_EditorClassIdentifier: 
  Path: AdvMechanicsFinal/Build/Desktop/UI.bank
  SubDir: 
  lastModified: 637222909640620925
  LoadResult: 0
  FileSizes: []
  Exists: 0
--- !u!114 &-8300077504116029412
MonoBehaviour:
  m_ObjectHideFlags: 0
  m_CorrespondingSourceObject: {fileID: 0}
  m_PrefabInstance: {fileID: 0}
  m_PrefabAsset: {fileID: 0}
  m_GameObject: {fileID: 0}
  m_Enabled: 1
  m_EditorHideFlags: 0
  m_Script: {fileID: 11500000, guid: c18180ecb35941f4682ae60107b85b7c, type: 3}
  m_Name: bank:/Master.bank
  m_EditorClassIdentifier: 
  Path: AdvMechanicsFinal/Build/Desktop/Master.bank
  SubDir: 
  lastModified: 637220427758005690
  LoadResult: 0
  FileSizes: []
  Exists: 0
--- !u!114 &-8219011909579199139
MonoBehaviour:
  m_ObjectHideFlags: 0
  m_CorrespondingSourceObject: {fileID: 0}
  m_PrefabInstance: {fileID: 0}
  m_PrefabAsset: {fileID: 0}
  m_GameObject: {fileID: 0}
  m_Enabled: 1
  m_EditorHideFlags: 0
  m_Script: {fileID: 11500000, guid: c18180ecb35941f4682ae60107b85b7c, type: 3}
  m_Name: bank:/Guns.bank
  m_EditorClassIdentifier: 
  Path: AdvMechanicsFinal/Build/Desktop/Guns.bank
  SubDir: 
  lastModified: 637220937462561204
  LoadResult: 0
  FileSizes: []
  Exists: 0
--- !u!114 &-8097661417181839777
MonoBehaviour:
  m_ObjectHideFlags: 0
  m_CorrespondingSourceObject: {fileID: 0}
  m_PrefabInstance: {fileID: 0}
  m_PrefabAsset: {fileID: 0}
  m_GameObject: {fileID: 0}
  m_Enabled: 1
  m_EditorHideFlags: 0
  m_Script: {fileID: 11500000, guid: c18180ecb35941f4682ae60107b85b7c, type: 3}
  m_Name: bank:/Dialogue.bank
  m_EditorClassIdentifier: 
  Path: AdvMechanicsFinal/Build/Desktop/Dialogue.bank
  SubDir: 
  lastModified: 637220982198346666
  LoadResult: 0
  FileSizes: []
  Exists: 0
--- !u!114 &-8021233309773924215
MonoBehaviour:
  m_ObjectHideFlags: 0
  m_CorrespondingSourceObject: {fileID: 0}
  m_PrefabInstance: {fileID: 0}
  m_PrefabAsset: {fileID: 0}
  m_GameObject: {fileID: 0}
  m_Enabled: 1
  m_EditorHideFlags: 0
  m_Script: {fileID: 11500000, guid: c18180ecb35941f4682ae60107b85b7c, type: 3}
  m_Name: bank:/UI.bank
  m_EditorClassIdentifier: 
  Path: AdvMechanicsFinal/Build/Desktop/UI.bank
  SubDir: 
  lastModified: 637222182915947776
  LoadResult: 0
  FileSizes: []
  Exists: 0
--- !u!114 &-8011405164591040635
MonoBehaviour:
  m_ObjectHideFlags: 0
  m_CorrespondingSourceObject: {fileID: 0}
  m_PrefabInstance: {fileID: 0}
  m_PrefabAsset: {fileID: 0}
  m_GameObject: {fileID: 0}
  m_Enabled: 1
  m_EditorHideFlags: 0
  m_Script: {fileID: 11500000, guid: c18180ecb35941f4682ae60107b85b7c, type: 3}
  m_Name: bank:/Ambience.bank
  m_EditorClassIdentifier: 
  Path: AdvMechanicsFinal/Build/Desktop/Ambience.bank
  SubDir: 
  lastModified: 637220981920275265
  LoadResult: 0
  FileSizes: []
  Exists: 0
--- !u!114 &-7936104541237188710
MonoBehaviour:
  m_ObjectHideFlags: 0
  m_CorrespondingSourceObject: {fileID: 0}
  m_PrefabInstance: {fileID: 0}
  m_PrefabAsset: {fileID: 0}
  m_GameObject: {fileID: 0}
  m_Enabled: 1
  m_EditorHideFlags: 0
  m_Script: {fileID: 11500000, guid: c18180ecb35941f4682ae60107b85b7c, type: 3}
  m_Name: bank:/Master.bank
  m_EditorClassIdentifier: 
  Path: AdvMechanicsFinal/Build/Desktop/Master.bank
  SubDir: 
  lastModified: 637220641897664066
  LoadResult: 0
  FileSizes: []
  Exists: 0
--- !u!114 &-7807141348883747525
MonoBehaviour:
  m_ObjectHideFlags: 0
  m_CorrespondingSourceObject: {fileID: 0}
  m_PrefabInstance: {fileID: 0}
  m_PrefabAsset: {fileID: 0}
  m_GameObject: {fileID: 0}
  m_Enabled: 1
  m_EditorHideFlags: 0
  m_Script: {fileID: 11500000, guid: c18180ecb35941f4682ae60107b85b7c, type: 3}
  m_Name: bank:/Master.bank
  m_EditorClassIdentifier: 
  Path: AdvMechanicsFinal/Build/Desktop/Master.bank
  SubDir: 
  lastModified: 637220901845985289
  LoadResult: 0
  FileSizes: []
  Exists: 0
--- !u!114 &-7692143209769277331
MonoBehaviour:
  m_ObjectHideFlags: 0
  m_CorrespondingSourceObject: {fileID: 0}
  m_PrefabInstance: {fileID: 0}
  m_PrefabAsset: {fileID: 0}
  m_GameObject: {fileID: 0}
  m_Enabled: 1
  m_EditorHideFlags: 0
  m_Script: {fileID: 11500000, guid: fecb8ef7f94ca804a8ab72049b86782e, type: 3}
  m_Name: parameter:/ShellClatter/Collection
  m_EditorClassIdentifier: 
  Name: Collection
  Min: 0
  Max: 1
  Default: 0
  Exists: 0
--- !u!114 &-7651061939903859175
MonoBehaviour:
  m_ObjectHideFlags: 0
  m_CorrespondingSourceObject: {fileID: 0}
  m_PrefabInstance: {fileID: 0}
  m_PrefabAsset: {fileID: 0}
  m_GameObject: {fileID: 0}
  m_Enabled: 1
  m_EditorHideFlags: 0
  m_Script: {fileID: 11500000, guid: c18180ecb35941f4682ae60107b85b7c, type: 3}
  m_Name: bank:/Ambience.bank
  m_EditorClassIdentifier: 
  Path: AdvMechanicsFinal/Build/Desktop/Ambience.bank
  SubDir: 
  lastModified: 637220937459490651
  LoadResult: 0
  FileSizes: []
  Exists: 0
--- !u!114 &-7135449630172341733
MonoBehaviour:
  m_ObjectHideFlags: 0
  m_CorrespondingSourceObject: {fileID: 0}
  m_PrefabInstance: {fileID: 0}
  m_PrefabAsset: {fileID: 0}
  m_GameObject: {fileID: 0}
  m_Enabled: 1
  m_EditorHideFlags: 0
  m_Script: {fileID: 11500000, guid: ceb653cd98e289a4e8697a1af55201f2, type: 3}
  m_Name: event:/MusicCalm
  m_EditorClassIdentifier: 
  Path: event:/MusicCalm
  guid: cdf4c8d88326464592a2c25cf8d8db26
  Banks: []
  IsStream: 1
  Is3D: 0
  IsOneShot: 0
  Parameters: []
  MinDistance: 0
  MaxDistance: 0
  Length: 54883
--- !u!114 &-6910022613098981587
MonoBehaviour:
  m_ObjectHideFlags: 0
  m_CorrespondingSourceObject: {fileID: 0}
  m_PrefabInstance: {fileID: 0}
  m_PrefabAsset: {fileID: 0}
  m_GameObject: {fileID: 0}
  m_Enabled: 1
  m_EditorHideFlags: 0
  m_Script: {fileID: 11500000, guid: c18180ecb35941f4682ae60107b85b7c, type: 3}
  m_Name: bank:/Dialogue.bank
  m_EditorClassIdentifier: 
  Path: AdvMechanicsFinal/Build/Desktop/Dialogue.bank
  SubDir: 
  lastModified: 637221248613704888
  LoadResult: 0
  FileSizes: []
  Exists: 0
--- !u!114 &-6904835367440606875
MonoBehaviour:
  m_ObjectHideFlags: 0
  m_CorrespondingSourceObject: {fileID: 0}
  m_PrefabInstance: {fileID: 0}
  m_PrefabAsset: {fileID: 0}
  m_GameObject: {fileID: 0}
  m_Enabled: 1
  m_EditorHideFlags: 0
  m_Script: {fileID: 11500000, guid: c18180ecb35941f4682ae60107b85b7c, type: 3}
  m_Name: bank:/Guns.bank
  m_EditorClassIdentifier: 
  Path: AdvMechanicsFinal/Build/Desktop/Guns.bank
  SubDir: 
  lastModified: 637221266861352497
  LoadResult: 0
  FileSizes: []
  Exists: 0
--- !u!114 &-6514614270067140702
MonoBehaviour:
  m_ObjectHideFlags: 0
  m_CorrespondingSourceObject: {fileID: 0}
  m_PrefabInstance: {fileID: 0}
  m_PrefabAsset: {fileID: 0}
  m_GameObject: {fileID: 0}
  m_Enabled: 1
  m_EditorHideFlags: 0
  m_Script: {fileID: 11500000, guid: fecb8ef7f94ca804a8ab72049b86782e, type: 3}
  m_Name: parameter:/ShellClatter/Collection
  m_EditorClassIdentifier: 
  Name: Collection
  Min: 0
  Max: 1
  Default: 0
  Exists: 0
--- !u!114 &-6455540208438932630
MonoBehaviour:
  m_ObjectHideFlags: 0
  m_CorrespondingSourceObject: {fileID: 0}
  m_PrefabInstance: {fileID: 0}
  m_PrefabAsset: {fileID: 0}
  m_GameObject: {fileID: 0}
  m_Enabled: 1
  m_EditorHideFlags: 0
  m_Script: {fileID: 11500000, guid: c18180ecb35941f4682ae60107b85b7c, type: 3}
  m_Name: bank:/Music.bank
  m_EditorClassIdentifier: 
  Path: AdvMechanicsFinal/Build/Desktop/Music.bank
  SubDir: 
  lastModified: 637220901859508599
  LoadResult: 0
  FileSizes: []
  Exists: 0
--- !u!114 &-6450578949497973443
MonoBehaviour:
  m_ObjectHideFlags: 0
  m_CorrespondingSourceObject: {fileID: 0}
  m_PrefabInstance: {fileID: 0}
  m_PrefabAsset: {fileID: 0}
  m_GameObject: {fileID: 0}
  m_Enabled: 1
  m_EditorHideFlags: 0
  m_Script: {fileID: 11500000, guid: c18180ecb35941f4682ae60107b85b7c, type: 3}
  m_Name: bank:/UI.bank
  m_EditorClassIdentifier: 
  Path: AdvMechanicsFinal/Build/Desktop/UI.bank
  SubDir: 
  lastModified: 637222375554806698
  LoadResult: 0
  FileSizes: []
  Exists: 0
--- !u!114 &-6420659375788296462
MonoBehaviour:
  m_ObjectHideFlags: 0
  m_CorrespondingSourceObject: {fileID: 0}
  m_PrefabInstance: {fileID: 0}
  m_PrefabAsset: {fileID: 0}
  m_GameObject: {fileID: 0}
  m_Enabled: 1
  m_EditorHideFlags: 0
  m_Script: {fileID: 11500000, guid: c18180ecb35941f4682ae60107b85b7c, type: 3}
  m_Name: bank:/Guns.bank
  m_EditorClassIdentifier: 
  Path: AdvMechanicsFinal/Build/Desktop/Guns.bank
  SubDir: 
  lastModified: 637220902808679092
  LoadResult: 0
  FileSizes: []
  Exists: 0
--- !u!114 &-6072943816082417543
MonoBehaviour:
  m_ObjectHideFlags: 0
  m_CorrespondingSourceObject: {fileID: 0}
  m_PrefabInstance: {fileID: 0}
  m_PrefabAsset: {fileID: 0}
  m_GameObject: {fileID: 0}
  m_Enabled: 1
  m_EditorHideFlags: 0
  m_Script: {fileID: 11500000, guid: c18180ecb35941f4682ae60107b85b7c, type: 3}
  m_Name: bank:/Master.bank
  m_EditorClassIdentifier: 
  Path: AdvMechanicsFinal/Build/Desktop/Master.bank
  SubDir: 
  lastModified: 637220625840967150
  LoadResult: 0
  FileSizes: []
  Exists: 0
--- !u!114 &-6071603483180272084
MonoBehaviour:
  m_ObjectHideFlags: 0
  m_CorrespondingSourceObject: {fileID: 0}
  m_PrefabInstance: {fileID: 0}
  m_PrefabAsset: {fileID: 0}
  m_GameObject: {fileID: 0}
  m_Enabled: 1
  m_EditorHideFlags: 0
  m_Script: {fileID: 11500000, guid: fecb8ef7f94ca804a8ab72049b86782e, type: 3}
  m_Name: parameter:/ShellClatter/Collection
  m_EditorClassIdentifier: 
  Name: Collection
  Min: 0
  Max: 1
  Default: 0
  Exists: 0
--- !u!114 &-6039673681272383710
MonoBehaviour:
  m_ObjectHideFlags: 0
  m_CorrespondingSourceObject: {fileID: 0}
  m_PrefabInstance: {fileID: 0}
  m_PrefabAsset: {fileID: 0}
  m_GameObject: {fileID: 0}
  m_Enabled: 1
  m_EditorHideFlags: 0
  m_Script: {fileID: 11500000, guid: fecb8ef7f94ca804a8ab72049b86782e, type: 3}
  m_Name: parameter:/ShellClatter/Collection
  m_EditorClassIdentifier: 
  Name: Collection
  Min: 0
  Max: 1
  Default: 0
  Exists: 1
--- !u!114 &-5860409221717307815
MonoBehaviour:
  m_ObjectHideFlags: 0
  m_CorrespondingSourceObject: {fileID: 0}
  m_PrefabInstance: {fileID: 0}
  m_PrefabAsset: {fileID: 0}
  m_GameObject: {fileID: 0}
  m_Enabled: 1
  m_EditorHideFlags: 0
  m_Script: {fileID: 11500000, guid: c18180ecb35941f4682ae60107b85b7c, type: 3}
  m_Name: bank:/Music.bank
  m_EditorClassIdentifier: 
  Path: AdvMechanicsFinal/Build/Desktop/Music.bank
  SubDir: 
  lastModified: 637221266862025835
  LoadResult: 0
  FileSizes: []
  Exists: 0
--- !u!114 &-5771761149690811956
MonoBehaviour:
  m_ObjectHideFlags: 0
  m_CorrespondingSourceObject: {fileID: 0}
  m_PrefabInstance: {fileID: 0}
  m_PrefabAsset: {fileID: 0}
  m_GameObject: {fileID: 0}
  m_Enabled: 1
  m_EditorHideFlags: 0
  m_Script: {fileID: 11500000, guid: fecb8ef7f94ca804a8ab72049b86782e, type: 3}
  m_Name: parameter:/ShellClatter/Collection
  m_EditorClassIdentifier: 
  Name: Collection
  Min: 0
  Max: 1
  Default: 0
  Exists: 0
--- !u!114 &-5704581697915493702
MonoBehaviour:
  m_ObjectHideFlags: 0
  m_CorrespondingSourceObject: {fileID: 0}
  m_PrefabInstance: {fileID: 0}
  m_PrefabAsset: {fileID: 0}
  m_GameObject: {fileID: 0}
  m_Enabled: 1
  m_EditorHideFlags: 0
  m_Script: {fileID: 11500000, guid: c18180ecb35941f4682ae60107b85b7c, type: 3}
  m_Name: bank:/Ambience.bank
  m_EditorClassIdentifier: 
  Path: AdvMechanicsFinal/Build/Desktop/Ambience.bank
  SubDir: 
  lastModified: 637222396806616534
  LoadResult: 0
  FileSizes: []
  Exists: 0
--- !u!114 &-5695867318431179720
MonoBehaviour:
  m_ObjectHideFlags: 0
  m_CorrespondingSourceObject: {fileID: 0}
  m_PrefabInstance: {fileID: 0}
  m_PrefabAsset: {fileID: 0}
  m_GameObject: {fileID: 0}
  m_Enabled: 1
  m_EditorHideFlags: 0
  m_Script: {fileID: 11500000, guid: c18180ecb35941f4682ae60107b85b7c, type: 3}
  m_Name: bank:/Master.bank
  m_EditorClassIdentifier: 
  Path: AdvMechanicsFinal/Build/Desktop/Master.bank
  SubDir: 
  lastModified: 637220885140458000
  LoadResult: 0
  FileSizes: []
  Exists: 0
--- !u!114 &-5601807604062302600
MonoBehaviour:
  m_ObjectHideFlags: 0
  m_CorrespondingSourceObject: {fileID: 0}
  m_PrefabInstance: {fileID: 0}
  m_PrefabAsset: {fileID: 0}
  m_GameObject: {fileID: 0}
  m_Enabled: 1
  m_EditorHideFlags: 0
  m_Script: {fileID: 11500000, guid: c18180ecb35941f4682ae60107b85b7c, type: 3}
  m_Name: bank:/Guns.bank
  m_EditorClassIdentifier: 
  Path: AdvMechanicsFinal/Build/Desktop/Guns.bank
  SubDir: 
  lastModified: 637220884709221243
  LoadResult: 0
  FileSizes: []
  Exists: 0
--- !u!114 &-5355586524298968664
MonoBehaviour:
  m_ObjectHideFlags: 0
  m_CorrespondingSourceObject: {fileID: 0}
  m_PrefabInstance: {fileID: 0}
  m_PrefabAsset: {fileID: 0}
  m_GameObject: {fileID: 0}
  m_Enabled: 1
  m_EditorHideFlags: 0
  m_Script: {fileID: 11500000, guid: c18180ecb35941f4682ae60107b85b7c, type: 3}
  m_Name: bank:/Master.bank
  m_EditorClassIdentifier: 
  Path: AdvMechanicsFinal/Build/Desktop/Master.bank
  SubDir: 
  lastModified: 637220902808768759
  LoadResult: 0
  FileSizes: []
  Exists: 0
--- !u!114 &-5338573583618639891
MonoBehaviour:
  m_ObjectHideFlags: 0
  m_CorrespondingSourceObject: {fileID: 0}
  m_PrefabInstance: {fileID: 0}
  m_PrefabAsset: {fileID: 0}
  m_GameObject: {fileID: 0}
  m_Enabled: 1
  m_EditorHideFlags: 0
  m_Script: {fileID: 11500000, guid: c18180ecb35941f4682ae60107b85b7c, type: 3}
  m_Name: bank:/Master.bank
  m_EditorClassIdentifier: 
  Path: AdvMechanicsFinal/Build/Desktop/Master.bank
  SubDir: 
  lastModified: 637220635446561506
  LoadResult: 0
  FileSizes: []
  Exists: 0
--- !u!114 &-5276034946034029012
MonoBehaviour:
  m_ObjectHideFlags: 0
  m_CorrespondingSourceObject: {fileID: 0}
  m_PrefabInstance: {fileID: 0}
  m_PrefabAsset: {fileID: 0}
  m_GameObject: {fileID: 0}
  m_Enabled: 1
  m_EditorHideFlags: 0
  m_Script: {fileID: 11500000, guid: ceb653cd98e289a4e8697a1af55201f2, type: 3}
  m_Name: event:/PistolShot
  m_EditorClassIdentifier: 
  Path: event:/PistolShot
  guid: be91e35fbabba5489bc11891d136c966
  Banks:
  - {fileID: -2561003234123178009}
  IsStream: 0
  Is3D: 1
  IsOneShot: 1
  Parameters: []
  MinDistance: 1
  MaxDistance: 20
  Length: 809
--- !u!114 &-5151532652479514082
MonoBehaviour:
  m_ObjectHideFlags: 0
  m_CorrespondingSourceObject: {fileID: 0}
  m_PrefabInstance: {fileID: 0}
  m_PrefabAsset: {fileID: 0}
  m_GameObject: {fileID: 0}
  m_Enabled: 1
  m_EditorHideFlags: 0
  m_Script: {fileID: 11500000, guid: c18180ecb35941f4682ae60107b85b7c, type: 3}
  m_Name: bank:/UI.bank
  m_EditorClassIdentifier: 
  Path: AdvMechanicsFinal/Build/Desktop/UI.bank
  SubDir: 
  lastModified: 637222909086608338
  LoadResult: 0
  FileSizes: []
  Exists: 0
--- !u!114 &-4864846549184920423
MonoBehaviour:
  m_ObjectHideFlags: 0
  m_CorrespondingSourceObject: {fileID: 0}
  m_PrefabInstance: {fileID: 0}
  m_PrefabAsset: {fileID: 0}
  m_GameObject: {fileID: 0}
  m_Enabled: 1
  m_EditorHideFlags: 0
  m_Script: {fileID: 11500000, guid: c18180ecb35941f4682ae60107b85b7c, type: 3}
  m_Name: bank:/Master.bank
  m_EditorClassIdentifier: 
  Path: AdvMechanicsFinal/Build/Desktop/Master.bank
  SubDir: 
  lastModified: 637222396807444308
  LoadResult: 0
  FileSizes: []
  Exists: 0
--- !u!114 &-4724259422445521089
MonoBehaviour:
  m_ObjectHideFlags: 0
  m_CorrespondingSourceObject: {fileID: 0}
  m_PrefabInstance: {fileID: 0}
  m_PrefabAsset: {fileID: 0}
  m_GameObject: {fileID: 0}
  m_Enabled: 1
  m_EditorHideFlags: 0
  m_Script: {fileID: 11500000, guid: fecb8ef7f94ca804a8ab72049b86782e, type: 3}
  m_Name: parameter:/ShellClatter/Collection
  m_EditorClassIdentifier: 
  Name: Collection
  Min: 0
  Max: 1
  Default: 0
  Exists: 0
--- !u!114 &-4595904450863039249
MonoBehaviour:
  m_ObjectHideFlags: 0
  m_CorrespondingSourceObject: {fileID: 0}
  m_PrefabInstance: {fileID: 0}
  m_PrefabAsset: {fileID: 0}
  m_GameObject: {fileID: 0}
  m_Enabled: 1
  m_EditorHideFlags: 0
  m_Script: {fileID: 11500000, guid: c18180ecb35941f4682ae60107b85b7c, type: 3}
  m_Name: bank:/Music.bank
  m_EditorClassIdentifier: 
  Path: AdvMechanicsFinal/Build/Desktop/Music.bank
  SubDir: 
  lastModified: 637220898694834802
  LoadResult: 0
  FileSizes: []
  Exists: 0
--- !u!114 &-4534913739655985821
MonoBehaviour:
  m_ObjectHideFlags: 0
  m_CorrespondingSourceObject: {fileID: 0}
  m_PrefabInstance: {fileID: 0}
  m_PrefabAsset: {fileID: 0}
  m_GameObject: {fileID: 0}
  m_Enabled: 1
  m_EditorHideFlags: 0
  m_Script: {fileID: 11500000, guid: ceb653cd98e289a4e8697a1af55201f2, type: 3}
  m_Name: event:/Music
  m_EditorClassIdentifier: 
  Path: event:/Music
  guid: 9693f2f93838b144b4750a2a6035ecb5
  Banks: []
  IsStream: 1
  Is3D: 0
  IsOneShot: 0
  Parameters:
  - {fileID: 6978122544065241089}
  MinDistance: 0
  MaxDistance: 0
  Length: 58450
--- !u!114 &-4456500946763862944
MonoBehaviour:
  m_ObjectHideFlags: 0
  m_CorrespondingSourceObject: {fileID: 0}
  m_PrefabInstance: {fileID: 0}
  m_PrefabAsset: {fileID: 0}
  m_GameObject: {fileID: 0}
  m_Enabled: 1
  m_EditorHideFlags: 0
  m_Script: {fileID: 11500000, guid: c18180ecb35941f4682ae60107b85b7c, type: 3}
  m_Name: bank:/Ambience.bank
  m_EditorClassIdentifier: 
  Path: AdvMechanicsFinal/Build/Desktop/Ambience.bank
  SubDir: 
  lastModified: 637222909040010674
  LoadResult: 0
  FileSizes: []
  Exists: 0
--- !u!114 &-4328236178767314574
MonoBehaviour:
  m_ObjectHideFlags: 0
  m_CorrespondingSourceObject: {fileID: 0}
  m_PrefabInstance: {fileID: 0}
  m_PrefabAsset: {fileID: 0}
  m_GameObject: {fileID: 0}
  m_Enabled: 1
  m_EditorHideFlags: 0
  m_Script: {fileID: 11500000, guid: fecb8ef7f94ca804a8ab72049b86782e, type: 3}
  m_Name: parameter:/ShellClatter/Collection
  m_EditorClassIdentifier: 
  Name: Collection
  Min: 0
  Max: 1
  Default: 0
  Exists: 0
--- !u!114 &-4165668561820518873
MonoBehaviour:
  m_ObjectHideFlags: 0
  m_CorrespondingSourceObject: {fileID: 0}
  m_PrefabInstance: {fileID: 0}
  m_PrefabAsset: {fileID: 0}
  m_GameObject: {fileID: 0}
  m_Enabled: 1
  m_EditorHideFlags: 0
  m_Script: {fileID: 11500000, guid: c18180ecb35941f4682ae60107b85b7c, type: 3}
  m_Name: bank:/Guns.bank
  m_EditorClassIdentifier: 
  Path: AdvMechanicsFinal/Build/Desktop/Guns.bank
  SubDir: 
  lastModified: 637220427760010334
  LoadResult: 0
  FileSizes: []
  Exists: 0
--- !u!114 &-4158223530151830181
MonoBehaviour:
  m_ObjectHideFlags: 0
  m_CorrespondingSourceObject: {fileID: 0}
  m_PrefabInstance: {fileID: 0}
  m_PrefabAsset: {fileID: 0}
  m_GameObject: {fileID: 0}
  m_Enabled: 1
  m_EditorHideFlags: 0
  m_Script: {fileID: 11500000, guid: c18180ecb35941f4682ae60107b85b7c, type: 3}
  m_Name: bank:/Ambience.bank
  m_EditorClassIdentifier: 
  Path: AdvMechanicsFinal/Build/Desktop/Ambience.bank
  SubDir: 
  lastModified: 637220625842443206
  LoadResult: 0
  FileSizes: []
  Exists: 0
--- !u!114 &-4139672574856343204
MonoBehaviour:
  m_ObjectHideFlags: 0
  m_CorrespondingSourceObject: {fileID: 0}
  m_PrefabInstance: {fileID: 0}
  m_PrefabAsset: {fileID: 0}
  m_GameObject: {fileID: 0}
  m_Enabled: 1
  m_EditorHideFlags: 0
  m_Script: {fileID: 11500000, guid: fecb8ef7f94ca804a8ab72049b86782e, type: 3}
  m_Name: parameter:/Music/State
  m_EditorClassIdentifier: 
  Name: State
  Min: 0
  Max: 1
  Default: 0
  Exists: 0
--- !u!114 &-4029351390355635299
MonoBehaviour:
  m_ObjectHideFlags: 0
  m_CorrespondingSourceObject: {fileID: 0}
  m_PrefabInstance: {fileID: 0}
  m_PrefabAsset: {fileID: 0}
  m_GameObject: {fileID: 0}
  m_Enabled: 1
  m_EditorHideFlags: 0
  m_Script: {fileID: 11500000, guid: ceb653cd98e289a4e8697a1af55201f2, type: 3}
  m_Name: event:/UIMouseOver
  m_EditorClassIdentifier: 
  Path: event:/UIMouseOver
  guid: 49045d3b710f4747a5633254b2aae253
  Banks:
  - {fileID: 4388725985711125424}
  IsStream: 0
  Is3D: 0
  IsOneShot: 1
  Parameters: []
  MinDistance: 0
  MaxDistance: 0
  Length: 174
--- !u!114 &-3729407682107425725
MonoBehaviour:
  m_ObjectHideFlags: 0
  m_CorrespondingSourceObject: {fileID: 0}
  m_PrefabInstance: {fileID: 0}
  m_PrefabAsset: {fileID: 0}
  m_GameObject: {fileID: 0}
  m_Enabled: 1
  m_EditorHideFlags: 0
  m_Script: {fileID: 11500000, guid: c18180ecb35941f4682ae60107b85b7c, type: 3}
  m_Name: bank:/Dialogue.bank
  m_EditorClassIdentifier: 
  Path: AdvMechanicsFinal/Build/Desktop/Dialogue.bank
  SubDir: 
  lastModified: 637220981922285679
  LoadResult: 0
  FileSizes: []
  Exists: 0
--- !u!114 &-3643413660117501526
MonoBehaviour:
  m_ObjectHideFlags: 0
  m_CorrespondingSourceObject: {fileID: 0}
  m_PrefabInstance: {fileID: 0}
  m_PrefabAsset: {fileID: 0}
  m_GameObject: {fileID: 0}
  m_Enabled: 1
  m_EditorHideFlags: 0
  m_Script: {fileID: 11500000, guid: c18180ecb35941f4682ae60107b85b7c, type: 3}
  m_Name: bank:/Ambience.bank
  m_EditorClassIdentifier: 
  Path: AdvMechanicsFinal/Build/Desktop/Ambience.bank
  SubDir: 
  lastModified: 637221179342786795
  LoadResult: 0
  FileSizes: []
  Exists: 0
--- !u!114 &-3562266248624189025
MonoBehaviour:
  m_ObjectHideFlags: 0
  m_CorrespondingSourceObject: {fileID: 0}
  m_PrefabInstance: {fileID: 0}
  m_PrefabAsset: {fileID: 0}
  m_GameObject: {fileID: 0}
  m_Enabled: 1
  m_EditorHideFlags: 0
  m_Script: {fileID: 11500000, guid: fecb8ef7f94ca804a8ab72049b86782e, type: 3}
  m_Name: parameter:/ShellClatter/Collection
  m_EditorClassIdentifier: 
  Name: Collection
  Min: 0
  Max: 1
  Default: 0
  Exists: 0
--- !u!114 &-3545190989100523139
MonoBehaviour:
  m_ObjectHideFlags: 0
  m_CorrespondingSourceObject: {fileID: 0}
  m_PrefabInstance: {fileID: 0}
  m_PrefabAsset: {fileID: 0}
  m_GameObject: {fileID: 0}
  m_Enabled: 1
  m_EditorHideFlags: 0
  m_Script: {fileID: 11500000, guid: c18180ecb35941f4682ae60107b85b7c, type: 3}
  m_Name: bank:/Music.bank
  m_EditorClassIdentifier: 
  Path: AdvMechanicsFinal/Build/Desktop/Music.bank
  SubDir: 
  lastModified: 637222909928087072
  LoadResult: 0
  FileSizes: []
  Exists: 1
--- !u!114 &-3425516582843354436
MonoBehaviour:
  m_ObjectHideFlags: 0
  m_CorrespondingSourceObject: {fileID: 0}
  m_PrefabInstance: {fileID: 0}
  m_PrefabAsset: {fileID: 0}
  m_GameObject: {fileID: 0}
  m_Enabled: 1
  m_EditorHideFlags: 0
  m_Script: {fileID: 11500000, guid: c18180ecb35941f4682ae60107b85b7c, type: 3}
  m_Name: bank:/Guns.bank
  m_EditorClassIdentifier: 
  Path: AdvMechanicsFinal/Build/Desktop/Guns.bank
  SubDir: 
  lastModified: 637220981920674202
  LoadResult: 0
  FileSizes: []
  Exists: 0
--- !u!114 &-3125638825794881347
MonoBehaviour:
  m_ObjectHideFlags: 0
  m_CorrespondingSourceObject: {fileID: 0}
  m_PrefabInstance: {fileID: 0}
  m_PrefabAsset: {fileID: 0}
  m_GameObject: {fileID: 0}
  m_Enabled: 1
  m_EditorHideFlags: 0
  m_Script: {fileID: 11500000, guid: c18180ecb35941f4682ae60107b85b7c, type: 3}
  m_Name: bank:/Ambience.bank
  m_EditorClassIdentifier: 
  Path: AdvMechanicsFinal/Build/Desktop/Ambience.bank
  SubDir: 
  lastModified: 637222375504283683
  LoadResult: 0
  FileSizes: []
  Exists: 0
--- !u!114 &-3081186646306878169
MonoBehaviour:
  m_ObjectHideFlags: 0
  m_CorrespondingSourceObject: {fileID: 0}
  m_PrefabInstance: {fileID: 0}
  m_PrefabAsset: {fileID: 0}
  m_GameObject: {fileID: 0}
  m_Enabled: 1
  m_EditorHideFlags: 0
  m_Script: {fileID: 11500000, guid: c18180ecb35941f4682ae60107b85b7c, type: 3}
  m_Name: bank:/Master.bank
  m_EditorClassIdentifier: 
  Path: AdvMechanicsFinal/Build/Desktop/Master.bank
  SubDir: 
  lastModified: 637220884709301031
  LoadResult: 0
  FileSizes: []
  Exists: 0
--- !u!114 &-3074644469447942141
MonoBehaviour:
  m_ObjectHideFlags: 0
  m_CorrespondingSourceObject: {fileID: 0}
  m_PrefabInstance: {fileID: 0}
  m_PrefabAsset: {fileID: 0}
  m_GameObject: {fileID: 0}
  m_Enabled: 1
  m_EditorHideFlags: 0
  m_Script: {fileID: 11500000, guid: fecb8ef7f94ca804a8ab72049b86782e, type: 3}
  m_Name: parameter:/Music/State
  m_EditorClassIdentifier: 
  Name: State
  Min: 0
  Max: 1
  Default: 0
  Exists: 0
--- !u!114 &-2920575304574574778
MonoBehaviour:
  m_ObjectHideFlags: 0
  m_CorrespondingSourceObject: {fileID: 0}
  m_PrefabInstance: {fileID: 0}
  m_PrefabAsset: {fileID: 0}
  m_GameObject: {fileID: 0}
  m_Enabled: 1
  m_EditorHideFlags: 0
  m_Script: {fileID: 11500000, guid: c18180ecb35941f4682ae60107b85b7c, type: 3}
  m_Name: bank:/Ambience.bank
  m_EditorClassIdentifier: 
  Path: AdvMechanicsFinal/Build/Desktop/Ambience.bank
  SubDir: 
  lastModified: 637220898678393703
  LoadResult: 0
  FileSizes: []
  Exists: 0
--- !u!114 &-2888878760871349161
MonoBehaviour:
  m_ObjectHideFlags: 0
  m_CorrespondingSourceObject: {fileID: 0}
  m_PrefabInstance: {fileID: 0}
  m_PrefabAsset: {fileID: 0}
  m_GameObject: {fileID: 0}
  m_Enabled: 1
  m_EditorHideFlags: 0
  m_Script: {fileID: 11500000, guid: fecb8ef7f94ca804a8ab72049b86782e, type: 3}
  m_Name: parameter:/ShellClatter/Collection
  m_EditorClassIdentifier: 
  Name: Collection
  Min: 0
  Max: 1
  Default: 0
  Exists: 0
--- !u!114 &-2810628449811008232
MonoBehaviour:
  m_ObjectHideFlags: 0
  m_CorrespondingSourceObject: {fileID: 0}
  m_PrefabInstance: {fileID: 0}
  m_PrefabAsset: {fileID: 0}
  m_GameObject: {fileID: 0}
  m_Enabled: 1
  m_EditorHideFlags: 0
  m_Script: {fileID: 11500000, guid: c18180ecb35941f4682ae60107b85b7c, type: 3}
  m_Name: bank:/Music.bank
  m_EditorClassIdentifier: 
  Path: AdvMechanicsFinal/Build/Desktop/Music.bank
  SubDir: 
  lastModified: 637220902809337236
  LoadResult: 0
  FileSizes: []
  Exists: 0
--- !u!114 &-2729856977788744163
MonoBehaviour:
  m_ObjectHideFlags: 0
  m_CorrespondingSourceObject: {fileID: 0}
  m_PrefabInstance: {fileID: 0}
  m_PrefabAsset: {fileID: 0}
  m_GameObject: {fileID: 0}
  m_Enabled: 1
  m_EditorHideFlags: 0
  m_Script: {fileID: 11500000, guid: c18180ecb35941f4682ae60107b85b7c, type: 3}
  m_Name: bank:/Music.bank
  m_EditorClassIdentifier: 
  Path: AdvMechanicsFinal/Build/Desktop/Music.bank
  SubDir: 
  lastModified: 637221266862025835
  LoadResult: 0
  FileSizes: []
  Exists: 0
--- !u!114 &-2561003234123178009
MonoBehaviour:
  m_ObjectHideFlags: 0
  m_CorrespondingSourceObject: {fileID: 0}
  m_PrefabInstance: {fileID: 0}
  m_PrefabAsset: {fileID: 0}
  m_GameObject: {fileID: 0}
  m_Enabled: 1
  m_EditorHideFlags: 0
  m_Script: {fileID: 11500000, guid: c18180ecb35941f4682ae60107b85b7c, type: 3}
  m_Name: bank:/Guns.bank
  m_EditorClassIdentifier: 
  Path: AdvMechanicsFinal/Build/Desktop/Guns.bank
  SubDir: 
  lastModified: 637222909927508612
  LoadResult: 0
  FileSizes: []
  Exists: 1
--- !u!114 &-2387945343148119548
MonoBehaviour:
  m_ObjectHideFlags: 0
  m_CorrespondingSourceObject: {fileID: 0}
  m_PrefabInstance: {fileID: 0}
  m_PrefabAsset: {fileID: 0}
  m_GameObject: {fileID: 0}
  m_Enabled: 1
  m_EditorHideFlags: 0
  m_Script: {fileID: 11500000, guid: c18180ecb35941f4682ae60107b85b7c, type: 3}
  m_Name: bank:/Guns.bank
  m_EditorClassIdentifier: 
  Path: AdvMechanicsFinal/Build/Desktop/Guns.bank
  SubDir: 
  lastModified: 637221266861352497
  LoadResult: 0
  FileSizes: []
  Exists: 0
--- !u!114 &-2307695732880421348
MonoBehaviour:
  m_ObjectHideFlags: 0
  m_CorrespondingSourceObject: {fileID: 0}
  m_PrefabInstance: {fileID: 0}
  m_PrefabAsset: {fileID: 0}
  m_GameObject: {fileID: 0}
  m_Enabled: 1
  m_EditorHideFlags: 0
  m_Script: {fileID: 11500000, guid: c18180ecb35941f4682ae60107b85b7c, type: 3}
  m_Name: bank:/UI.bank
  m_EditorClassIdentifier: 
  Path: AdvMechanicsFinal/Build/Desktop/UI.bank
  SubDir: 
  lastModified: 637220981921846914
  LoadResult: 0
  FileSizes: []
  Exists: 0
--- !u!114 &-2295805682182305599
MonoBehaviour:
  m_ObjectHideFlags: 0
  m_CorrespondingSourceObject: {fileID: 0}
  m_PrefabInstance: {fileID: 0}
  m_PrefabAsset: {fileID: 0}
  m_GameObject: {fileID: 0}
  m_Enabled: 1
  m_EditorHideFlags: 0
  m_Script: {fileID: 11500000, guid: c18180ecb35941f4682ae60107b85b7c, type: 3}
  m_Name: bank:/Music.bank
  m_EditorClassIdentifier: 
  Path: AdvMechanicsFinal/Build/Desktop/Music.bank
  SubDir: 
  lastModified: 637222396808227347
  LoadResult: 0
  FileSizes: []
  Exists: 0
--- !u!114 &-2074432945454885270
MonoBehaviour:
  m_ObjectHideFlags: 0
  m_CorrespondingSourceObject: {fileID: 0}
  m_PrefabInstance: {fileID: 0}
  m_PrefabAsset: {fileID: 0}
  m_GameObject: {fileID: 0}
  m_Enabled: 1
  m_EditorHideFlags: 0
  m_Script: {fileID: 11500000, guid: c18180ecb35941f4682ae60107b85b7c, type: 3}
  m_Name: bank:/UI.bank
  m_EditorClassIdentifier: 
  Path: AdvMechanicsFinal/Build/Desktop/UI.bank
  SubDir: 
  lastModified: 637221266862514523
  LoadResult: 0
  FileSizes: []
  Exists: 0
--- !u!114 &-1958589200461921008
MonoBehaviour:
  m_ObjectHideFlags: 0
  m_CorrespondingSourceObject: {fileID: 0}
  m_PrefabInstance: {fileID: 0}
  m_PrefabAsset: {fileID: 0}
  m_GameObject: {fileID: 0}
  m_Enabled: 1
  m_EditorHideFlags: 0
  m_Script: {fileID: 11500000, guid: c18180ecb35941f4682ae60107b85b7c, type: 3}
  m_Name: bank:/Ambience.bank
  m_EditorClassIdentifier: 
  Path: AdvMechanicsFinal/Build/Desktop/Ambience.bank
  SubDir: 
  lastModified: 637220885139969309
  LoadResult: 0
  FileSizes: []
  Exists: 0
--- !u!114 &-1683435744694188516
MonoBehaviour:
  m_ObjectHideFlags: 0
  m_CorrespondingSourceObject: {fileID: 0}
  m_PrefabInstance: {fileID: 0}
  m_PrefabAsset: {fileID: 0}
  m_GameObject: {fileID: 0}
  m_Enabled: 1
  m_EditorHideFlags: 0
  m_Script: {fileID: 11500000, guid: c18180ecb35941f4682ae60107b85b7c, type: 3}
  m_Name: bank:/Guns.bank
  m_EditorClassIdentifier: 
  Path: AdvMechanicsFinal/Build/Desktop/Guns.bank
  SubDir: 
  lastModified: 637222375507315775
  LoadResult: 0
  FileSizes: []
  Exists: 0
--- !u!114 &-1662744847754057937
MonoBehaviour:
  m_ObjectHideFlags: 0
  m_CorrespondingSourceObject: {fileID: 0}
  m_PrefabInstance: {fileID: 0}
  m_PrefabAsset: {fileID: 0}
  m_GameObject: {fileID: 0}
  m_Enabled: 1
  m_EditorHideFlags: 0
  m_Script: {fileID: 11500000, guid: c18180ecb35941f4682ae60107b85b7c, type: 3}
  m_Name: bank:/UI.bank
  m_EditorClassIdentifier: 
  Path: AdvMechanicsFinal/Build/Desktop/UI.bank
  SubDir: 
  lastModified: 637220938744927880
  LoadResult: 0
  FileSizes: []
  Exists: 0
--- !u!114 &-1608117230309405701
MonoBehaviour:
  m_ObjectHideFlags: 0
  m_CorrespondingSourceObject: {fileID: 0}
  m_PrefabInstance: {fileID: 0}
  m_PrefabAsset: {fileID: 0}
  m_GameObject: {fileID: 0}
  m_Enabled: 1
  m_EditorHideFlags: 0
  m_Script: {fileID: 11500000, guid: fecb8ef7f94ca804a8ab72049b86782e, type: 3}
  m_Name: parameter:/ShellClatter/Collection
  m_EditorClassIdentifier: 
  Name: Collection
  Min: 0
  Max: 1
  Default: 0
  Exists: 0
--- !u!114 &-1509198078676181191
MonoBehaviour:
  m_ObjectHideFlags: 0
  m_CorrespondingSourceObject: {fileID: 0}
  m_PrefabInstance: {fileID: 0}
  m_PrefabAsset: {fileID: 0}
  m_GameObject: {fileID: 0}
  m_Enabled: 1
  m_EditorHideFlags: 0
  m_Script: {fileID: 11500000, guid: fecb8ef7f94ca804a8ab72049b86782e, type: 3}
  m_Name: parameter:/Music/State
  m_EditorClassIdentifier: 
  Name: State
  Min: 0
  Max: 1
  Default: 0
  Exists: 0
--- !u!114 &-1434813684447844932
MonoBehaviour:
  m_ObjectHideFlags: 0
  m_CorrespondingSourceObject: {fileID: 0}
  m_PrefabInstance: {fileID: 0}
  m_PrefabAsset: {fileID: 0}
  m_GameObject: {fileID: 0}
  m_Enabled: 1
  m_EditorHideFlags: 0
  m_Script: {fileID: 11500000, guid: c18180ecb35941f4682ae60107b85b7c, type: 3}
  m_Name: bank:/Guns.bank
  m_EditorClassIdentifier: 
  Path: AdvMechanicsFinal/Build/Desktop/Guns.bank
  SubDir: 
  lastModified: 637220898678802599
  LoadResult: 0
  FileSizes: []
  Exists: 0
--- !u!114 &-1391261766635961747
MonoBehaviour:
  m_ObjectHideFlags: 0
  m_CorrespondingSourceObject: {fileID: 0}
  m_PrefabInstance: {fileID: 0}
  m_PrefabAsset: {fileID: 0}
  m_GameObject: {fileID: 0}
  m_Enabled: 1
  m_EditorHideFlags: 0
  m_Script: {fileID: 11500000, guid: fecb8ef7f94ca804a8ab72049b86782e, type: 3}
  m_Name: parameter:/ShellClatter/Collection
  m_EditorClassIdentifier: 
  Name: Collection
  Min: 0
  Max: 1
  Default: 0
  Exists: 0
--- !u!114 &-1197516276253271857
MonoBehaviour:
  m_ObjectHideFlags: 0
  m_CorrespondingSourceObject: {fileID: 0}
  m_PrefabInstance: {fileID: 0}
  m_PrefabAsset: {fileID: 0}
  m_GameObject: {fileID: 0}
  m_Enabled: 1
  m_EditorHideFlags: 0
  m_Script: {fileID: 11500000, guid: c18180ecb35941f4682ae60107b85b7c, type: 3}
  m_Name: bank:/Master.bank
  m_EditorClassIdentifier: 
  Path: AdvMechanicsFinal/Build/Desktop/Master.bank
  SubDir: 
  lastModified: 637222909927588422
  LoadResult: 0
  FileSizes: []
  Exists: 1
--- !u!114 &-1089881698594856217
MonoBehaviour:
  m_ObjectHideFlags: 0
  m_CorrespondingSourceObject: {fileID: 0}
  m_PrefabInstance: {fileID: 0}
  m_PrefabAsset: {fileID: 0}
  m_GameObject: {fileID: 0}
  m_Enabled: 1
  m_EditorHideFlags: 0
  m_Script: {fileID: 11500000, guid: c18180ecb35941f4682ae60107b85b7c, type: 3}
  m_Name: bank:/UI.bank
  m_EditorClassIdentifier: 
  Path: AdvMechanicsFinal/Build/Desktop/UI.bank
  SubDir: 
  lastModified: 637221248621315234
  LoadResult: 0
  FileSizes: []
  Exists: 0
--- !u!114 &-1067565633797032083
MonoBehaviour:
  m_ObjectHideFlags: 0
  m_CorrespondingSourceObject: {fileID: 0}
  m_PrefabInstance: {fileID: 0}
  m_PrefabAsset: {fileID: 0}
  m_GameObject: {fileID: 0}
  m_Enabled: 1
  m_EditorHideFlags: 0
  m_Script: {fileID: 11500000, guid: c18180ecb35941f4682ae60107b85b7c, type: 3}
  m_Name: bank:/Dialogue.bank
  m_EditorClassIdentifier: 
  Path: AdvMechanicsFinal/Build/Desktop/Dialogue.bank
  SubDir: 
  lastModified: 637222909927179577
  LoadResult: 0
  FileSizes: []
  Exists: 1
--- !u!114 &-925468145030534867
MonoBehaviour:
  m_ObjectHideFlags: 0
  m_CorrespondingSourceObject: {fileID: 0}
  m_PrefabInstance: {fileID: 0}
  m_PrefabAsset: {fileID: 0}
  m_GameObject: {fileID: 0}
  m_Enabled: 1
  m_EditorHideFlags: 0
  m_Script: {fileID: 11500000, guid: ceb653cd98e289a4e8697a1af55201f2, type: 3}
  m_Name: event:/ElectricHum
  m_EditorClassIdentifier: 
  Path: event:/ElectricHum
  guid: 4882be5d6691924d8026d2989a693875
  Banks:
  - {fileID: 2597910986944167584}
  IsStream: 0
  Is3D: 1
  IsOneShot: 0
  Parameters: []
  MinDistance: 1
  MaxDistance: 20
  Length: 5600
--- !u!114 &-766070315594868697
MonoBehaviour:
  m_ObjectHideFlags: 0
  m_CorrespondingSourceObject: {fileID: 0}
  m_PrefabInstance: {fileID: 0}
  m_PrefabAsset: {fileID: 0}
  m_GameObject: {fileID: 0}
  m_Enabled: 1
  m_EditorHideFlags: 0
  m_Script: {fileID: 11500000, guid: fecb8ef7f94ca804a8ab72049b86782e, type: 3}
  m_Name: parameter:/ShellClatter/Collection
  m_EditorClassIdentifier: 
  Name: Collection
  Min: 0
  Max: 1
  Default: 0
  Exists: 0
--- !u!114 &-566653414326254771
MonoBehaviour:
  m_ObjectHideFlags: 0
  m_CorrespondingSourceObject: {fileID: 0}
  m_PrefabInstance: {fileID: 0}
  m_PrefabAsset: {fileID: 0}
  m_GameObject: {fileID: 0}
  m_Enabled: 1
  m_EditorHideFlags: 0
  m_Script: {fileID: 11500000, guid: c18180ecb35941f4682ae60107b85b7c, type: 3}
  m_Name: bank:/Music.bank
  m_EditorClassIdentifier: 
  Path: AdvMechanicsFinal/Build/Desktop/Music.bank
  SubDir: 
  lastModified: 637220982197602074
  LoadResult: 0
  FileSizes: []
  Exists: 0
--- !u!114 &-395928073540525722
MonoBehaviour:
  m_ObjectHideFlags: 0
  m_CorrespondingSourceObject: {fileID: 0}
  m_PrefabInstance: {fileID: 0}
  m_PrefabAsset: {fileID: 0}
  m_GameObject: {fileID: 0}
  m_Enabled: 1
  m_EditorHideFlags: 0
  m_Script: {fileID: 11500000, guid: ceb653cd98e289a4e8697a1af55201f2, type: 3}
  m_Name: event:/FightMusic
  m_EditorClassIdentifier: 
  Path: event:/FightMusic
  guid: af82f043dff54149ba692314ee0a997b
  Banks:
  - {fileID: -3545190989100523139}
  IsStream: 1
  Is3D: 0
  IsOneShot: 0
  Parameters: []
  MinDistance: 0
  MaxDistance: 0
  Length: 58450
--- !u!114 &-350948932108063502
MonoBehaviour:
  m_ObjectHideFlags: 0
  m_CorrespondingSourceObject: {fileID: 0}
  m_PrefabInstance: {fileID: 0}
  m_PrefabAsset: {fileID: 0}
  m_GameObject: {fileID: 0}
  m_Enabled: 1
  m_EditorHideFlags: 0
  m_Script: {fileID: 11500000, guid: c18180ecb35941f4682ae60107b85b7c, type: 3}
  m_Name: bank:/Music.bank
  m_EditorClassIdentifier: 
  Path: AdvMechanicsFinal/Build/Desktop/Music.bank
  SubDir: 
  lastModified: 637220938744418659
  LoadResult: 0
  FileSizes: []
  Exists: 0
--- !u!114 &-251645097693103683
MonoBehaviour:
  m_ObjectHideFlags: 0
  m_CorrespondingSourceObject: {fileID: 0}
  m_PrefabInstance: {fileID: 0}
  m_PrefabAsset: {fileID: 0}
  m_GameObject: {fileID: 0}
  m_Enabled: 1
  m_EditorHideFlags: 0
  m_Script: {fileID: 11500000, guid: ceb653cd98e289a4e8697a1af55201f2, type: 3}
  m_Name: event:/MusicFight
  m_EditorClassIdentifier: 
  Path: event:/MusicFight
  guid: 8094690cc7aa4144a64fb4527c58ce09
  Banks: []
  IsStream: 1
  Is3D: 0
  IsOneShot: 0
  Parameters: []
  MinDistance: 0
  MaxDistance: 0
  Length: 58475
--- !u!114 &11400000
MonoBehaviour:
  m_ObjectHideFlags: 0
  m_CorrespondingSourceObject: {fileID: 0}
  m_PrefabInstance: {fileID: 0}
  m_PrefabAsset: {fileID: 0}
  m_GameObject: {fileID: 0}
  m_Enabled: 1
  m_EditorHideFlags: 0
  m_Script: {fileID: 11500000, guid: d32cf7c32a3ed8347bac48ef5ed56d82, type: 3}
  m_Name: FMODStudioCache
  m_EditorClassIdentifier: 
  EditorBanks:
  - {fileID: 6138176677667734932}
  - {fileID: 2597910986944167584}
  - {fileID: -1067565633797032083}
  - {fileID: -2561003234123178009}
  - {fileID: -1197516276253271857}
  - {fileID: -3545190989100523139}
  - {fileID: 4388725985711125424}
  EditorEvents:
  - {fileID: 1608581132162073677}
  - {fileID: 5858889438473905384}
  - {fileID: 4605872848934120542}
  - {fileID: -5276034946034029012}
  - {fileID: -925468145030534867}
  - {fileID: 7484736293461862100}
  - {fileID: -4029351390355635299}
  - {fileID: 3331674396091838640}
  - {fileID: -395928073540525722}
  - {fileID: 5676795888901179675}
  - {fileID: 8851624573140597642}
  - {fileID: 3373713897981683448}
  EditorParameters: []
  MasterBanks:
  - {fileID: -1197516276253271857}
  StringsBanks:
  - {fileID: 6138176677667734932}
  stringsBankWriteTime: 637222909927628297
  cacheVersion: 3
--- !u!114 &12091946431888808
MonoBehaviour:
  m_ObjectHideFlags: 0
  m_CorrespondingSourceObject: {fileID: 0}
  m_PrefabInstance: {fileID: 0}
  m_PrefabAsset: {fileID: 0}
  m_GameObject: {fileID: 0}
  m_Enabled: 1
  m_EditorHideFlags: 0
  m_Script: {fileID: 11500000, guid: c18180ecb35941f4682ae60107b85b7c, type: 3}
  m_Name: bank:/Guns.bank
  m_EditorClassIdentifier: 
  Path: AdvMechanicsFinal/Build/Desktop/Guns.bank
  SubDir: 
  lastModified: 637220885140368237
  LoadResult: 0
  FileSizes: []
  Exists: 0
--- !u!114 &77719028513237683
MonoBehaviour:
  m_ObjectHideFlags: 0
  m_CorrespondingSourceObject: {fileID: 0}
  m_PrefabInstance: {fileID: 0}
  m_PrefabAsset: {fileID: 0}
  m_GameObject: {fileID: 0}
  m_Enabled: 1
  m_EditorHideFlags: 0
  m_Script: {fileID: 11500000, guid: c18180ecb35941f4682ae60107b85b7c, type: 3}
  m_Name: bank:/Master.bank
  m_EditorClassIdentifier: 
  Path: AdvMechanicsFinal/Build/Desktop/Master.bank
  SubDir: 
  lastModified: 637221179955922631
  LoadResult: 0
  FileSizes: []
  Exists: 0
--- !u!114 &228608951033065828
MonoBehaviour:
  m_ObjectHideFlags: 0
  m_CorrespondingSourceObject: {fileID: 0}
  m_PrefabInstance: {fileID: 0}
  m_PrefabAsset: {fileID: 0}
  m_GameObject: {fileID: 0}
  m_Enabled: 1
  m_EditorHideFlags: 0
  m_Script: {fileID: 11500000, guid: c18180ecb35941f4682ae60107b85b7c, type: 3}
  m_Name: bank:/Ambience.bank
  m_EditorClassIdentifier: 
  Path: AdvMechanicsFinal/Build/Desktop/Ambience.bank
  SubDir: 
  lastModified: 637220938743361442
  LoadResult: 0
  FileSizes: []
  Exists: 0
--- !u!114 &345605069501602849
MonoBehaviour:
  m_ObjectHideFlags: 0
  m_CorrespondingSourceObject: {fileID: 0}
  m_PrefabInstance: {fileID: 0}
  m_PrefabAsset: {fileID: 0}
  m_GameObject: {fileID: 0}
  m_Enabled: 1
  m_EditorHideFlags: 0
  m_Script: {fileID: 11500000, guid: c18180ecb35941f4682ae60107b85b7c, type: 3}
  m_Name: bank:/Dialogue.bank
  m_EditorClassIdentifier: 
  Path: AdvMechanicsFinal/Build/Desktop/Dialogue.bank
  SubDir: 
  lastModified: 637221266861133151
  LoadResult: 0
  FileSizes: []
  Exists: 0
--- !u!114 &420011585756060808
MonoBehaviour:
  m_ObjectHideFlags: 0
  m_CorrespondingSourceObject: {fileID: 0}
  m_PrefabInstance: {fileID: 0}
  m_PrefabAsset: {fileID: 0}
  m_GameObject: {fileID: 0}
  m_Enabled: 1
  m_EditorHideFlags: 0
  m_Script: {fileID: 11500000, guid: c18180ecb35941f4682ae60107b85b7c, type: 3}
  m_Name: bank:/Master.bank
  m_EditorClassIdentifier: 
  Path: AdvMechanicsFinal/Build/Desktop/Master.bank
  SubDir: 
  lastModified: 637220938743830152
  LoadResult: 0
  FileSizes: []
  Exists: 0
--- !u!114 &422255972353681340
MonoBehaviour:
  m_ObjectHideFlags: 0
  m_CorrespondingSourceObject: {fileID: 0}
  m_PrefabInstance: {fileID: 0}
  m_PrefabAsset: {fileID: 0}
  m_GameObject: {fileID: 0}
  m_Enabled: 1
  m_EditorHideFlags: 0
  m_Script: {fileID: 11500000, guid: c18180ecb35941f4682ae60107b85b7c, type: 3}
  m_Name: bank:/Master.bank
  m_EditorClassIdentifier: 
  Path: AdvMechanicsFinal/Build/Desktop/Master.bank
  SubDir: 
  lastModified: 637222909043800445
  LoadResult: 0
  FileSizes: []
  Exists: 0
--- !u!114 &434048977289575801
MonoBehaviour:
  m_ObjectHideFlags: 0
  m_CorrespondingSourceObject: {fileID: 0}
  m_PrefabInstance: {fileID: 0}
  m_PrefabAsset: {fileID: 0}
  m_GameObject: {fileID: 0}
  m_Enabled: 1
  m_EditorHideFlags: 0
  m_Script: {fileID: 11500000, guid: c18180ecb35941f4682ae60107b85b7c, type: 3}
  m_Name: bank:/UI.bank
  m_EditorClassIdentifier: 
  Path: AdvMechanicsFinal/Build/Desktop/UI.bank
  SubDir: 
  lastModified: 637221266862514523
  LoadResult: 0
  FileSizes: []
  Exists: 0
--- !u!114 &442327393359892617
MonoBehaviour:
  m_ObjectHideFlags: 0
  m_CorrespondingSourceObject: {fileID: 0}
  m_PrefabInstance: {fileID: 0}
  m_PrefabAsset: {fileID: 0}
  m_GameObject: {fileID: 0}
  m_Enabled: 1
  m_EditorHideFlags: 0
  m_Script: {fileID: 11500000, guid: c18180ecb35941f4682ae60107b85b7c, type: 3}
  m_Name: bank:/Guns.bank
  m_EditorClassIdentifier: 
  Path: AdvMechanicsFinal/Build/Desktop/Guns.bank
  SubDir: 
  lastModified: 637221179955822890
  LoadResult: 0
  FileSizes: []
  Exists: 0
--- !u!114 &508793800200039907
MonoBehaviour:
  m_ObjectHideFlags: 0
  m_CorrespondingSourceObject: {fileID: 0}
  m_PrefabInstance: {fileID: 0}
  m_PrefabAsset: {fileID: 0}
  m_GameObject: {fileID: 0}
  m_Enabled: 1
  m_EditorHideFlags: 0
  m_Script: {fileID: 11500000, guid: c18180ecb35941f4682ae60107b85b7c, type: 3}
  m_Name: bank:/Master.bank
  m_EditorClassIdentifier: 
  Path: AdvMechanicsFinal/Build/Desktop/Master.bank
  SubDir: 
  lastModified: 637221266861442255
  LoadResult: 0
  FileSizes: []
  Exists: 0
--- !u!114 &549997261933252557
MonoBehaviour:
  m_ObjectHideFlags: 0
  m_CorrespondingSourceObject: {fileID: 0}
  m_PrefabInstance: {fileID: 0}
  m_PrefabAsset: {fileID: 0}
  m_GameObject: {fileID: 0}
  m_Enabled: 1
  m_EditorHideFlags: 0
  m_Script: {fileID: 11500000, guid: c18180ecb35941f4682ae60107b85b7c, type: 3}
  m_Name: bank:/Dialogue.bank
  m_EditorClassIdentifier: 
  Path: AdvMechanicsFinal/Build/Desktop/Dialogue.bank
  SubDir: 
  lastModified: 637222396806945652
  LoadResult: 0
  FileSizes: []
  Exists: 0
--- !u!114 &640667925073282972
MonoBehaviour:
  m_ObjectHideFlags: 0
  m_CorrespondingSourceObject: {fileID: 0}
  m_PrefabInstance: {fileID: 0}
  m_PrefabAsset: {fileID: 0}
  m_GameObject: {fileID: 0}
  m_Enabled: 1
  m_EditorHideFlags: 0
  m_Script: {fileID: 11500000, guid: c18180ecb35941f4682ae60107b85b7c, type: 3}
  m_Name: bank:/Master.bank
  m_EditorClassIdentifier: 
  Path: AdvMechanicsFinal/Build/Desktop/Master.bank
  SubDir: 
  lastModified: 637220981920744264
  LoadResult: 0
  FileSizes: []
  Exists: 0
--- !u!114 &664145188229117308
MonoBehaviour:
  m_ObjectHideFlags: 0
  m_CorrespondingSourceObject: {fileID: 0}
  m_PrefabInstance: {fileID: 0}
  m_PrefabAsset: {fileID: 0}
  m_GameObject: {fileID: 0}
  m_Enabled: 1
  m_EditorHideFlags: 0
  m_Script: {fileID: 11500000, guid: c18180ecb35941f4682ae60107b85b7c, type: 3}
  m_Name: bank:/Music.bank
  m_EditorClassIdentifier: 
  Path: AdvMechanicsFinal/Build/Desktop/Music.bank
  SubDir: 
  lastModified: 637222909640271862
  LoadResult: 0
  FileSizes: []
  Exists: 0
--- !u!114 &906039682505868684
MonoBehaviour:
  m_ObjectHideFlags: 0
  m_CorrespondingSourceObject: {fileID: 0}
  m_PrefabInstance: {fileID: 0}
  m_PrefabAsset: {fileID: 0}
  m_GameObject: {fileID: 0}
  m_Enabled: 1
  m_EditorHideFlags: 0
  m_Script: {fileID: 11500000, guid: c18180ecb35941f4682ae60107b85b7c, type: 3}
  m_Name: bank:/Guns.bank
  m_EditorClassIdentifier: 
  Path: AdvMechanicsFinal/Build/Desktop/Guns.bank
  SubDir: 
  lastModified: 637220901845895537
  LoadResult: 0
  FileSizes: []
  Exists: 0
--- !u!114 &1241739096527427589
MonoBehaviour:
  m_ObjectHideFlags: 0
  m_CorrespondingSourceObject: {fileID: 0}
  m_PrefabInstance: {fileID: 0}
  m_PrefabAsset: {fileID: 0}
  m_GameObject: {fileID: 0}
  m_Enabled: 1
  m_EditorHideFlags: 0
  m_Script: {fileID: 11500000, guid: c18180ecb35941f4682ae60107b85b7c, type: 3}
  m_Name: bank:/Master.bank
  m_EditorClassIdentifier: 
  Path: AdvMechanicsFinal/Build/Desktop/Master.bank
  SubDir: 
  lastModified: 637221266861442255
  LoadResult: 0
  FileSizes: []
  Exists: 0
--- !u!114 &1402957815008516081
MonoBehaviour:
  m_ObjectHideFlags: 0
  m_CorrespondingSourceObject: {fileID: 0}
  m_PrefabInstance: {fileID: 0}
  m_PrefabAsset: {fileID: 0}
  m_GameObject: {fileID: 0}
  m_Enabled: 1
  m_EditorHideFlags: 0
  m_Script: {fileID: 11500000, guid: c18180ecb35941f4682ae60107b85b7c, type: 3}
  m_Name: bank:/Guns.bank
  m_EditorClassIdentifier: 
  Path: AdvMechanicsFinal/Build/Desktop/Guns.bank
  SubDir: 
  lastModified: 637220641899080282
  LoadResult: 0
  FileSizes: []
  Exists: 0
--- !u!114 &1608581132162073677
MonoBehaviour:
  m_ObjectHideFlags: 0
  m_CorrespondingSourceObject: {fileID: 0}
  m_PrefabInstance: {fileID: 0}
  m_PrefabAsset: {fileID: 0}
  m_GameObject: {fileID: 0}
  m_Enabled: 1
  m_EditorHideFlags: 0
  m_Script: {fileID: 11500000, guid: ceb653cd98e289a4e8697a1af55201f2, type: 3}
  m_Name: event:/ShellClatter
  m_EditorClassIdentifier: 
  Path: event:/ShellClatter
  guid: 5c3f7cf70902cc418853527092968b56
  Banks:
  - {fileID: -2561003234123178009}
  IsStream: 0
  Is3D: 1
  IsOneShot: 1
  Parameters:
  - {fileID: -6039673681272383710}
  MinDistance: 1
  MaxDistance: 20
  Length: 0
--- !u!114 &1719215024517514128
MonoBehaviour:
  m_ObjectHideFlags: 0
  m_CorrespondingSourceObject: {fileID: 0}
  m_PrefabInstance: {fileID: 0}
  m_PrefabAsset: {fileID: 0}
  m_GameObject: {fileID: 0}
  m_Enabled: 1
  m_EditorHideFlags: 0
  m_Script: {fileID: 11500000, guid: fecb8ef7f94ca804a8ab72049b86782e, type: 3}
  m_Name: parameter:/ShellClatter/Collection
  m_EditorClassIdentifier: 
  Name: Collection
  Min: 0
  Max: 1
  Default: 0
  Exists: 0
--- !u!114 &1896846339632407972
MonoBehaviour:
  m_ObjectHideFlags: 0
  m_CorrespondingSourceObject: {fileID: 0}
  m_PrefabInstance: {fileID: 0}
  m_PrefabAsset: {fileID: 0}
  m_GameObject: {fileID: 0}
  m_Enabled: 1
  m_EditorHideFlags: 0
  m_Script: {fileID: 11500000, guid: fecb8ef7f94ca804a8ab72049b86782e, type: 3}
  m_Name: parameter:/ShellClatter/Collection
  m_EditorClassIdentifier: 
  Name: Collection
  Min: 0
  Max: 1
  Default: 0
  Exists: 0
--- !u!114 &2221152207794426738
MonoBehaviour:
  m_ObjectHideFlags: 0
  m_CorrespondingSourceObject: {fileID: 0}
  m_PrefabInstance: {fileID: 0}
  m_PrefabAsset: {fileID: 0}
  m_GameObject: {fileID: 0}
  m_Enabled: 1
  m_EditorHideFlags: 0
  m_Script: {fileID: 11500000, guid: c18180ecb35941f4682ae60107b85b7c, type: 3}
  m_Name: bank:/Master.bank
  m_EditorClassIdentifier: 
  Path: AdvMechanicsFinal/Build/Desktop/Master.bank
  SubDir: 
  lastModified: 637220898678892358
  LoadResult: 0
  FileSizes: []
  Exists: 0
--- !u!114 &2282497473772958013
MonoBehaviour:
  m_ObjectHideFlags: 0
  m_CorrespondingSourceObject: {fileID: 0}
  m_PrefabInstance: {fileID: 0}
  m_PrefabAsset: {fileID: 0}
  m_GameObject: {fileID: 0}
  m_Enabled: 1
  m_EditorHideFlags: 0
  m_Script: {fileID: 11500000, guid: c18180ecb35941f4682ae60107b85b7c, type: 3}
  m_Name: bank:/Ambience.bank
  m_EditorClassIdentifier: 
  Path: AdvMechanicsFinal/Build/Desktop/Ambience.bank
  SubDir: 
  lastModified: 637220982196544901
  LoadResult: 0
  FileSizes: []
  Exists: 0
--- !u!114 &2285627318442346908
MonoBehaviour:
  m_ObjectHideFlags: 0
  m_CorrespondingSourceObject: {fileID: 0}
  m_PrefabInstance: {fileID: 0}
  m_PrefabAsset: {fileID: 0}
  m_GameObject: {fileID: 0}
  m_Enabled: 1
  m_EditorHideFlags: 0
  m_Script: {fileID: 11500000, guid: c18180ecb35941f4682ae60107b85b7c, type: 3}
  m_Name: bank:/Guns.bank
  m_EditorClassIdentifier: 
  Path: AdvMechanicsFinal/Build/Desktop/Guns.bank
  SubDir: 
  lastModified: 637220938743750362
  LoadResult: 0
  FileSizes: []
  Exists: 0
--- !u!114 &2357877110575117488
MonoBehaviour:
  m_ObjectHideFlags: 0
  m_CorrespondingSourceObject: {fileID: 0}
  m_PrefabInstance: {fileID: 0}
  m_PrefabAsset: {fileID: 0}
  m_GameObject: {fileID: 0}
  m_Enabled: 1
  m_EditorHideFlags: 0
  m_Script: {fileID: 11500000, guid: c18180ecb35941f4682ae60107b85b7c, type: 3}
  m_Name: bank:/Guns.bank
  m_EditorClassIdentifier: 
  Path: AdvMechanicsFinal/Build/Desktop/Guns.bank
  SubDir: 
  lastModified: 637220635446945575
  LoadResult: 0
  FileSizes: []
  Exists: 0
--- !u!114 &2393786717731126111
MonoBehaviour:
  m_ObjectHideFlags: 0
  m_CorrespondingSourceObject: {fileID: 0}
  m_PrefabInstance: {fileID: 0}
  m_PrefabAsset: {fileID: 0}
  m_GameObject: {fileID: 0}
  m_Enabled: 1
  m_EditorHideFlags: 0
  m_Script: {fileID: 11500000, guid: fecb8ef7f94ca804a8ab72049b86782e, type: 3}
  m_Name: parameter:/ShellClatter/Collection
  m_EditorClassIdentifier: 
  Name: Collection
  Min: 0
  Max: 1
  Default: 0
  Exists: 0
--- !u!114 &2543478991132323513
MonoBehaviour:
  m_ObjectHideFlags: 0
  m_CorrespondingSourceObject: {fileID: 0}
  m_PrefabInstance: {fileID: 0}
  m_PrefabAsset: {fileID: 0}
  m_GameObject: {fileID: 0}
  m_Enabled: 1
  m_EditorHideFlags: 0
  m_Script: {fileID: 11500000, guid: ceb653cd98e289a4e8697a1af55201f2, type: 3}
  m_Name: event:/BG Music
  m_EditorClassIdentifier: 
  Path: event:/BG Music
  guid: e6cc7e78a83ce54f90eda22a19aacbca
  Banks: []
  IsStream: 1
  Is3D: 0
  IsOneShot: 1
  Parameters: []
  MinDistance: 0
  MaxDistance: 0
  Length: 166373
--- !u!114 &2597910986944167584
MonoBehaviour:
  m_ObjectHideFlags: 0
  m_CorrespondingSourceObject: {fileID: 0}
  m_PrefabInstance: {fileID: 0}
  m_PrefabAsset: {fileID: 0}
  m_GameObject: {fileID: 0}
  m_Enabled: 1
  m_EditorHideFlags: 0
  m_Script: {fileID: 11500000, guid: c18180ecb35941f4682ae60107b85b7c, type: 3}
  m_Name: bank:/Ambience.bank
  m_EditorClassIdentifier: 
  Path: AdvMechanicsFinal/Build/Desktop/Ambience.bank
  SubDir: 
  lastModified: 637222909926940138
  LoadResult: 0
  FileSizes: []
  Exists: 1
--- !u!114 &2610849197573099710
MonoBehaviour:
  m_ObjectHideFlags: 0
  m_CorrespondingSourceObject: {fileID: 0}
  m_PrefabInstance: {fileID: 0}
  m_PrefabAsset: {fileID: 0}
  m_GameObject: {fileID: 0}
  m_Enabled: 1
  m_EditorHideFlags: 0
  m_Script: {fileID: 11500000, guid: c18180ecb35941f4682ae60107b85b7c, type: 3}
  m_Name: bank:/Dialogue.bank
  m_EditorClassIdentifier: 
  Path: AdvMechanicsFinal/Build/Desktop/Dialogue.bank
  SubDir: 
  lastModified: 637221179343668418
  LoadResult: 0
  FileSizes: []
  Exists: 0
--- !u!114 &2920149127589230006
MonoBehaviour:
  m_ObjectHideFlags: 0
  m_CorrespondingSourceObject: {fileID: 0}
  m_PrefabInstance: {fileID: 0}
  m_PrefabAsset: {fileID: 0}
  m_GameObject: {fileID: 0}
  m_Enabled: 1
  m_EditorHideFlags: 0
  m_Script: {fileID: 11500000, guid: c18180ecb35941f4682ae60107b85b7c, type: 3}
  m_Name: bank:/UI.bank
  m_EditorClassIdentifier: 
  Path: AdvMechanicsFinal/Build/Desktop/UI.bank
  SubDir: 
  lastModified: 637220982198127257
  LoadResult: 0
  FileSizes: []
  Exists: 0
--- !u!114 &2945847408509477520
MonoBehaviour:
  m_ObjectHideFlags: 0
  m_CorrespondingSourceObject: {fileID: 0}
  m_PrefabInstance: {fileID: 0}
  m_PrefabAsset: {fileID: 0}
  m_GameObject: {fileID: 0}
  m_Enabled: 1
  m_EditorHideFlags: 0
  m_Script: {fileID: 11500000, guid: c18180ecb35941f4682ae60107b85b7c, type: 3}
  m_Name: bank:/Music.bank
  m_EditorClassIdentifier: 
  Path: AdvMechanicsFinal/Build/Desktop/Music.bank
  SubDir: 
  lastModified: 637221248620497410
  LoadResult: 0
  FileSizes: []
  Exists: 0
--- !u!114 &3129175214856879731
MonoBehaviour:
  m_ObjectHideFlags: 0
  m_CorrespondingSourceObject: {fileID: 0}
  m_PrefabInstance: {fileID: 0}
  m_PrefabAsset: {fileID: 0}
  m_GameObject: {fileID: 0}
  m_Enabled: 1
  m_EditorHideFlags: 0
  m_Script: {fileID: 11500000, guid: fecb8ef7f94ca804a8ab72049b86782e, type: 3}
  m_Name: parameter:/ShellClatter/Collection
  m_EditorClassIdentifier: 
  Name: Collection
  Min: 0
  Max: 1
  Default: 0
  Exists: 0
--- !u!114 &3230631051248811805
MonoBehaviour:
  m_ObjectHideFlags: 0
  m_CorrespondingSourceObject: {fileID: 0}
  m_PrefabInstance: {fileID: 0}
  m_PrefabAsset: {fileID: 0}
  m_GameObject: {fileID: 0}
  m_Enabled: 1
  m_EditorHideFlags: 0
  m_Script: {fileID: 11500000, guid: c18180ecb35941f4682ae60107b85b7c, type: 3}
  m_Name: bank:/UI.bank
  m_EditorClassIdentifier: 
  Path: AdvMechanicsFinal/Build/Desktop/UI.bank
  SubDir: 
  lastModified: 637221179350879632
  LoadResult: 0
  FileSizes: []
  Exists: 0
--- !u!114 &3293327542546375062
MonoBehaviour:
  m_ObjectHideFlags: 0
  m_CorrespondingSourceObject: {fileID: 0}
  m_PrefabInstance: {fileID: 0}
  m_PrefabAsset: {fileID: 0}
  m_GameObject: {fileID: 0}
  m_Enabled: 1
  m_EditorHideFlags: 0
  m_Script: {fileID: 11500000, guid: c18180ecb35941f4682ae60107b85b7c, type: 3}
  m_Name: bank:/Ambience.bank
  m_EditorClassIdentifier: 
  Path: AdvMechanicsFinal/Build/Desktop/Ambience.bank
  SubDir: 
  lastModified: 637222909639254590
  LoadResult: 0
  FileSizes: []
  Exists: 0
--- !u!114 &3328392644588624038
MonoBehaviour:
  m_ObjectHideFlags: 0
  m_CorrespondingSourceObject: {fileID: 0}
  m_PrefabInstance: {fileID: 0}
  m_PrefabAsset: {fileID: 0}
  m_GameObject: {fileID: 0}
  m_Enabled: 1
  m_EditorHideFlags: 0
  m_Script: {fileID: 11500000, guid: c18180ecb35941f4682ae60107b85b7c, type: 3}
  m_Name: bank:/Master.bank
  m_EditorClassIdentifier: 
  Path: AdvMechanicsFinal/Build/Desktop/Master.bank
  SubDir: 
  lastModified: 637222375507395562
  LoadResult: 0
  FileSizes: []
  Exists: 0
--- !u!114 &3331674396091838640
MonoBehaviour:
  m_ObjectHideFlags: 0
  m_CorrespondingSourceObject: {fileID: 0}
  m_PrefabInstance: {fileID: 0}
  m_PrefabAsset: {fileID: 0}
  m_GameObject: {fileID: 0}
  m_Enabled: 1
  m_EditorHideFlags: 0
  m_Script: {fileID: 11500000, guid: ceb653cd98e289a4e8697a1af55201f2, type: 3}
  m_Name: event:/SansFakeVoice
  m_EditorClassIdentifier: 
  Path: event:/SansFakeVoice
  guid: 5e466bc560aead429bda25ddf0844af1
  Banks:
  - {fileID: -1067565633797032083}
  IsStream: 0
  Is3D: 1
  IsOneShot: 1
  Parameters: []
  MinDistance: 1
  MaxDistance: 20
  Length: 301
--- !u!114 &3373713897981683448
MonoBehaviour:
  m_ObjectHideFlags: 0
  m_CorrespondingSourceObject: {fileID: 0}
  m_PrefabInstance: {fileID: 0}
  m_PrefabAsset: {fileID: 0}
  m_GameObject: {fileID: 0}
  m_Enabled: 1
  m_EditorHideFlags: 0
  m_Script: {fileID: 11500000, guid: ceb653cd98e289a4e8697a1af55201f2, type: 3}
  m_Name: event:/BG Music
  m_EditorClassIdentifier: 
  Path: event:/BG Music
  guid: e6cc7e78a83ce54f90eda22a19aacbca
  Banks:
  - {fileID: -3545190989100523139}
  IsStream: 1
  Is3D: 0
  IsOneShot: 0
  Parameters: []
  MinDistance: 0
  MaxDistance: 0
  Length: 166373
--- !u!114 &3503882402024531547
MonoBehaviour:
  m_ObjectHideFlags: 0
  m_CorrespondingSourceObject: {fileID: 0}
  m_PrefabInstance: {fileID: 0}
  m_PrefabAsset: {fileID: 0}
  m_GameObject: {fileID: 0}
  m_Enabled: 1
  m_EditorHideFlags: 0
  m_Script: {fileID: 11500000, guid: c18180ecb35941f4682ae60107b85b7c, type: 3}
  m_Name: bank:/Ambience.bank
  m_EditorClassIdentifier: 
  Path: AdvMechanicsFinal/Build/Desktop/Ambience.bank
  SubDir: 
  lastModified: 637221248613176077
  LoadResult: 0
  FileSizes: []
  Exists: 0
--- !u!114 &3533224955115820996
MonoBehaviour:
  m_ObjectHideFlags: 0
  m_CorrespondingSourceObject: {fileID: 0}
  m_PrefabInstance: {fileID: 0}
  m_PrefabAsset: {fileID: 0}
  m_GameObject: {fileID: 0}
  m_Enabled: 1
  m_EditorHideFlags: 0
  m_Script: {fileID: 11500000, guid: fecb8ef7f94ca804a8ab72049b86782e, type: 3}
  m_Name: parameter:/ShellClatter/Collection
  m_EditorClassIdentifier: 
  Name: Collection
  Min: 0
  Max: 1
  Default: 0
  Exists: 0
--- !u!114 &3685793249001600351
MonoBehaviour:
  m_ObjectHideFlags: 0
  m_CorrespondingSourceObject: {fileID: 0}
  m_PrefabInstance: {fileID: 0}
  m_PrefabAsset: {fileID: 0}
  m_GameObject: {fileID: 0}
  m_Enabled: 1
  m_EditorHideFlags: 0
  m_Script: {fileID: 11500000, guid: c18180ecb35941f4682ae60107b85b7c, type: 3}
  m_Name: bank:/Guns.bank
  m_EditorClassIdentifier: 
  Path: AdvMechanicsFinal/Build/Desktop/Guns.bank
  SubDir: 
  lastModified: 637221248617375724
  LoadResult: 0
  FileSizes: []
  Exists: 0
--- !u!114 &3716754029763968094
MonoBehaviour:
  m_ObjectHideFlags: 0
  m_CorrespondingSourceObject: {fileID: 0}
  m_PrefabInstance: {fileID: 0}
  m_PrefabAsset: {fileID: 0}
  m_GameObject: {fileID: 0}
  m_Enabled: 1
  m_EditorHideFlags: 0
  m_Script: {fileID: 11500000, guid: c18180ecb35941f4682ae60107b85b7c, type: 3}
  m_Name: bank:/Ambience.bank
  m_EditorClassIdentifier: 
  Path: AdvMechanicsFinal/Build/Desktop/Ambience.bank
  SubDir: 
  lastModified: 637221179955231582
  LoadResult: 0
  FileSizes: []
  Exists: 0
--- !u!114 &3859409126843612407
MonoBehaviour:
  m_ObjectHideFlags: 0
  m_CorrespondingSourceObject: {fileID: 0}
  m_PrefabInstance: {fileID: 0}
  m_PrefabAsset: {fileID: 0}
  m_GameObject: {fileID: 0}
  m_Enabled: 1
  m_EditorHideFlags: 0
  m_Script: {fileID: 11500000, guid: c18180ecb35941f4682ae60107b85b7c, type: 3}
  m_Name: bank:/Music.bank
  m_EditorClassIdentifier: 
  Path: AdvMechanicsFinal/Build/Desktop/Music.bank
  SubDir: 
  lastModified: 637222182915030157
  LoadResult: 0
  FileSizes: []
  Exists: 0
--- !u!114 &3953755536979021742
MonoBehaviour:
  m_ObjectHideFlags: 0
  m_CorrespondingSourceObject: {fileID: 0}
  m_PrefabInstance: {fileID: 0}
  m_PrefabAsset: {fileID: 0}
  m_GameObject: {fileID: 0}
  m_Enabled: 1
  m_EditorHideFlags: 0
  m_Script: {fileID: 11500000, guid: c18180ecb35941f4682ae60107b85b7c, type: 3}
  m_Name: bank:/Guns.bank
  m_EditorClassIdentifier: 
  Path: AdvMechanicsFinal/Build/Desktop/Guns.bank
  SubDir: 
  lastModified: 637222396807294723
  LoadResult: 0
  FileSizes: []
  Exists: 0
--- !u!114 &3984598053083413892
MonoBehaviour:
  m_ObjectHideFlags: 0
  m_CorrespondingSourceObject: {fileID: 0}
  m_PrefabInstance: {fileID: 0}
  m_PrefabAsset: {fileID: 0}
  m_GameObject: {fileID: 0}
  m_Enabled: 1
  m_EditorHideFlags: 0
  m_Script: {fileID: 11500000, guid: c18180ecb35941f4682ae60107b85b7c, type: 3}
  m_Name: bank:/Ambience.bank
  m_EditorClassIdentifier: 
  Path: AdvMechanicsFinal/Build/Desktop/Ambience.bank
  SubDir: 
  lastModified: 637220635447264707
  LoadResult: 0
  FileSizes: []
  Exists: 0
--- !u!114 &4062122865247905518
MonoBehaviour:
  m_ObjectHideFlags: 0
  m_CorrespondingSourceObject: {fileID: 0}
  m_PrefabInstance: {fileID: 0}
  m_PrefabAsset: {fileID: 0}
  m_GameObject: {fileID: 0}
  m_Enabled: 1
  m_EditorHideFlags: 0
  m_Script: {fileID: 11500000, guid: c18180ecb35941f4682ae60107b85b7c, type: 3}
  m_Name: bank:/Master.bank
  m_EditorClassIdentifier: 
  Path: AdvMechanicsFinal/Build/Desktop/Master.bank
  SubDir: 
  lastModified: 637220937462640743
  LoadResult: 0
  FileSizes: []
  Exists: 0
--- !u!114 &4202230607453837131
MonoBehaviour:
  m_ObjectHideFlags: 0
  m_CorrespondingSourceObject: {fileID: 0}
  m_PrefabInstance: {fileID: 0}
  m_PrefabAsset: {fileID: 0}
  m_GameObject: {fileID: 0}
  m_Enabled: 1
  m_EditorHideFlags: 0
  m_Script: {fileID: 11500000, guid: c18180ecb35941f4682ae60107b85b7c, type: 3}
  m_Name: bank:/Master.bank
  m_EditorClassIdentifier: 
  Path: AdvMechanicsFinal/Build/Desktop/Master.bank
  SubDir: 
  lastModified: 637220480675920379
  LoadResult: 0
  FileSizes: []
  Exists: 1
--- !u!114 &4370679048794501316
MonoBehaviour:
  m_ObjectHideFlags: 0
  m_CorrespondingSourceObject: {fileID: 0}
  m_PrefabInstance: {fileID: 0}
  m_PrefabAsset: {fileID: 0}
  m_GameObject: {fileID: 0}
  m_Enabled: 1
  m_EditorHideFlags: 0
  m_Script: {fileID: 11500000, guid: c18180ecb35941f4682ae60107b85b7c, type: 3}
  m_Name: bank:/Ambience.bank
  m_EditorClassIdentifier: 
  Path: AdvMechanicsFinal/Build/Desktop/Ambience.bank
  SubDir: 
  lastModified: 637221266860903695
  LoadResult: 0
  FileSizes: []
  Exists: 0
--- !u!114 &4388725985711125424
MonoBehaviour:
  m_ObjectHideFlags: 0
  m_CorrespondingSourceObject: {fileID: 0}
  m_PrefabInstance: {fileID: 0}
  m_PrefabAsset: {fileID: 0}
  m_GameObject: {fileID: 0}
  m_Enabled: 1
  m_EditorHideFlags: 0
  m_Script: {fileID: 11500000, guid: c18180ecb35941f4682ae60107b85b7c, type: 3}
  m_Name: bank:/UI.bank
  m_EditorClassIdentifier: 
  Path: AdvMechanicsFinal/Build/Desktop/UI.bank
  SubDir: 
  lastModified: 637222909928466054
  LoadResult: 0
  FileSizes: []
  Exists: 1
--- !u!114 &4431302860335964243
MonoBehaviour:
  m_ObjectHideFlags: 0
  m_CorrespondingSourceObject: {fileID: 0}
  m_PrefabInstance: {fileID: 0}
  m_PrefabAsset: {fileID: 0}
  m_GameObject: {fileID: 0}
  m_Enabled: 1
  m_EditorHideFlags: 0
  m_Script: {fileID: 11500000, guid: c18180ecb35941f4682ae60107b85b7c, type: 3}
  m_Name: bank:/Dialogue.bank
  m_EditorClassIdentifier: 
  Path: AdvMechanicsFinal/Build/Desktop/Dialogue.bank
  SubDir: 
  lastModified: 637222909639483969
  LoadResult: 0
  FileSizes: []
  Exists: 0
--- !u!114 &4488938130323085476
MonoBehaviour:
  m_ObjectHideFlags: 0
  m_CorrespondingSourceObject: {fileID: 0}
  m_PrefabInstance: {fileID: 0}
  m_PrefabAsset: {fileID: 0}
  m_GameObject: {fileID: 0}
  m_Enabled: 1
  m_EditorHideFlags: 0
  m_Script: {fileID: 11500000, guid: c18180ecb35941f4682ae60107b85b7c, type: 3}
  m_Name: bank:/Dialogue.bank
  m_EditorClassIdentifier: 
  Path: AdvMechanicsFinal/Build/Desktop/Dialogue.bank
  SubDir: 
  lastModified: 637222909040608968
  LoadResult: 0
  FileSizes: []
  Exists: 0
--- !u!114 &4605872848934120542
MonoBehaviour:
  m_ObjectHideFlags: 0
  m_CorrespondingSourceObject: {fileID: 0}
  m_PrefabInstance: {fileID: 0}
  m_PrefabAsset: {fileID: 0}
  m_GameObject: {fileID: 0}
  m_Enabled: 1
  m_EditorHideFlags: 0
  m_Script: {fileID: 11500000, guid: ceb653cd98e289a4e8697a1af55201f2, type: 3}
  m_Name: event:/RifleShot
  m_EditorClassIdentifier: 
  Path: event:/RifleShot
  guid: 84b0fd3c4e006646a4553144a27df088
  Banks:
  - {fileID: -2561003234123178009}
  IsStream: 0
  Is3D: 1
  IsOneShot: 1
  Parameters: []
  MinDistance: 1
  MaxDistance: 20
  Length: 627
--- !u!114 &4713026956497523004
MonoBehaviour:
  m_ObjectHideFlags: 0
  m_CorrespondingSourceObject: {fileID: 0}
  m_PrefabInstance: {fileID: 0}
  m_PrefabAsset: {fileID: 0}
  m_GameObject: {fileID: 0}
  m_Enabled: 1
  m_EditorHideFlags: 0
  m_Script: {fileID: 11500000, guid: c18180ecb35941f4682ae60107b85b7c, type: 3}
  m_Name: bank:/Music.bank
  m_EditorClassIdentifier: 
  Path: AdvMechanicsFinal/Build/Desktop/Music.bank
  SubDir: 
  lastModified: 637220981921362371
  LoadResult: 0
  FileSizes: []
  Exists: 0
--- !u!114 &4806755154334153845
MonoBehaviour:
  m_ObjectHideFlags: 0
  m_CorrespondingSourceObject: {fileID: 0}
  m_PrefabInstance: {fileID: 0}
  m_PrefabAsset: {fileID: 0}
  m_GameObject: {fileID: 0}
  m_Enabled: 1
  m_EditorHideFlags: 0
  m_Script: {fileID: 11500000, guid: fecb8ef7f94ca804a8ab72049b86782e, type: 3}
  m_Name: parameter:/Music/State
  m_EditorClassIdentifier: 
  Name: State
  Min: 0
  Max: 1
  Default: 0
  Exists: 0
--- !u!114 &4877208285620395764
MonoBehaviour:
  m_ObjectHideFlags: 0
  m_CorrespondingSourceObject: {fileID: 0}
  m_PrefabInstance: {fileID: 0}
  m_PrefabAsset: {fileID: 0}
  m_GameObject: {fileID: 0}
  m_Enabled: 1
  m_EditorHideFlags: 0
  m_Script: {fileID: 11500000, guid: c18180ecb35941f4682ae60107b85b7c, type: 3}
  m_Name: bank:/Ambience.bank
  m_EditorClassIdentifier: 
  Path: AdvMechanicsFinal/Build/Desktop/Ambience.bank
  SubDir: 
  lastModified: 637221266860903695
  LoadResult: 0
  FileSizes: []
  Exists: 0
--- !u!114 &5084125721639611421
MonoBehaviour:
  m_ObjectHideFlags: 0
  m_CorrespondingSourceObject: {fileID: 0}
  m_PrefabInstance: {fileID: 0}
  m_PrefabAsset: {fileID: 0}
  m_GameObject: {fileID: 0}
  m_Enabled: 1
  m_EditorHideFlags: 0
  m_Script: {fileID: 11500000, guid: c18180ecb35941f4682ae60107b85b7c, type: 3}
  m_Name: bank:/Music.bank
  m_EditorClassIdentifier: 
  Path: AdvMechanicsFinal/Build/Desktop/Music.bank
  SubDir: 
  lastModified: 637221179349898695
  LoadResult: 0
  FileSizes: []
  Exists: 0
--- !u!114 &5156346560494804242
MonoBehaviour:
  m_ObjectHideFlags: 0
  m_CorrespondingSourceObject: {fileID: 0}
  m_PrefabInstance: {fileID: 0}
  m_PrefabAsset: {fileID: 0}
  m_GameObject: {fileID: 0}
  m_Enabled: 1
  m_EditorHideFlags: 0
  m_Script: {fileID: 11500000, guid: c18180ecb35941f4682ae60107b85b7c, type: 3}
  m_Name: bank:/Guns.bank
  m_EditorClassIdentifier: 
  Path: AdvMechanicsFinal/Build/Desktop/Guns.bank
  SubDir: 
  lastModified: 637222182898639738
  LoadResult: 0
  FileSizes: []
  Exists: 0
--- !u!114 &5641121936450705284
MonoBehaviour:
  m_ObjectHideFlags: 0
  m_CorrespondingSourceObject: {fileID: 0}
  m_PrefabInstance: {fileID: 0}
  m_PrefabAsset: {fileID: 0}
  m_GameObject: {fileID: 0}
  m_Enabled: 1
  m_EditorHideFlags: 0
  m_Script: {fileID: 11500000, guid: c18180ecb35941f4682ae60107b85b7c, type: 3}
  m_Name: bank:/UI.bank
  m_EditorClassIdentifier: 
  Path: AdvMechanicsFinal/Build/Desktop/UI.bank
  SubDir: 
  lastModified: 637222396808811017
  LoadResult: 0
  FileSizes: []
  Exists: 0
--- !u!114 &5652380940302425125
MonoBehaviour:
  m_ObjectHideFlags: 0
  m_CorrespondingSourceObject: {fileID: 0}
  m_PrefabInstance: {fileID: 0}
  m_PrefabAsset: {fileID: 0}
  m_GameObject: {fileID: 0}
  m_Enabled: 1
  m_EditorHideFlags: 0
  m_Script: {fileID: 11500000, guid: fecb8ef7f94ca804a8ab72049b86782e, type: 3}
  m_Name: parameter:/ShellClatter/Collection
  m_EditorClassIdentifier: 
  Name: Collection
  Min: 0
  Max: 1
  Default: 0
  Exists: 0
--- !u!114 &5661635960844537653
MonoBehaviour:
  m_ObjectHideFlags: 0
  m_CorrespondingSourceObject: {fileID: 0}
  m_PrefabInstance: {fileID: 0}
  m_PrefabAsset: {fileID: 0}
  m_GameObject: {fileID: 0}
  m_Enabled: 1
  m_EditorHideFlags: 0
  m_Script: {fileID: 11500000, guid: fecb8ef7f94ca804a8ab72049b86782e, type: 3}
  m_Name: parameter:/ShellClatter/Collection
  m_EditorClassIdentifier: 
  Name: Collection
  Min: 0
  Max: 1
  Default: 0
  Exists: 0
--- !u!114 &5676795888901179675
MonoBehaviour:
  m_ObjectHideFlags: 0
  m_CorrespondingSourceObject: {fileID: 0}
  m_PrefabInstance: {fileID: 0}
  m_PrefabAsset: {fileID: 0}
  m_GameObject: {fileID: 0}
  m_Enabled: 1
  m_EditorHideFlags: 0
  m_Script: {fileID: 11500000, guid: ceb653cd98e289a4e8697a1af55201f2, type: 3}
  m_Name: event:/CalmMusic
  m_EditorClassIdentifier: 
  Path: event:/CalmMusic
  guid: e679597950deb74da643ae3813d86460
  Banks:
  - {fileID: -3545190989100523139}
  IsStream: 1
  Is3D: 0
  IsOneShot: 0
  Parameters: []
  MinDistance: 0
  MaxDistance: 0
  Length: 54883
--- !u!114 &5858889438473905384
MonoBehaviour:
  m_ObjectHideFlags: 0
  m_CorrespondingSourceObject: {fileID: 0}
  m_PrefabInstance: {fileID: 0}
  m_PrefabAsset: {fileID: 0}
  m_GameObject: {fileID: 0}
  m_Enabled: 1
  m_EditorHideFlags: 0
  m_Script: {fileID: 11500000, guid: ceb653cd98e289a4e8697a1af55201f2, type: 3}
  m_Name: event:/TurretShot
  m_EditorClassIdentifier: 
  Path: event:/TurretShot
  guid: 807c86e938144546a5c6bb7e4516ff79
  Banks:
  - {fileID: -2561003234123178009}
  IsStream: 0
  Is3D: 1
  IsOneShot: 1
  Parameters: []
  MinDistance: 1
  MaxDistance: 20
  Length: 819
--- !u!114 &5982938989063212783
MonoBehaviour:
  m_ObjectHideFlags: 0
  m_CorrespondingSourceObject: {fileID: 0}
  m_PrefabInstance: {fileID: 0}
  m_PrefabAsset: {fileID: 0}
  m_GameObject: {fileID: 0}
  m_Enabled: 1
  m_EditorHideFlags: 0
  m_Script: {fileID: 11500000, guid: fecb8ef7f94ca804a8ab72049b86782e, type: 3}
  m_Name: parameter:/ShellClatter/Collection
  m_EditorClassIdentifier: 
  Name: Collection
  Min: 0
  Max: 1
  Default: 0
  Exists: 0
--- !u!114 &6108655063538563211
MonoBehaviour:
  m_ObjectHideFlags: 0
  m_CorrespondingSourceObject: {fileID: 0}
  m_PrefabInstance: {fileID: 0}
  m_PrefabAsset: {fileID: 0}
  m_GameObject: {fileID: 0}
  m_Enabled: 1
  m_EditorHideFlags: 0
  m_Script: {fileID: 11500000, guid: c18180ecb35941f4682ae60107b85b7c, type: 3}
  m_Name: bank:/Guns.bank
  m_EditorClassIdentifier: 
  Path: AdvMechanicsFinal/Build/Desktop/Guns.bank
  SubDir: 
  lastModified: 637220625842004378
  LoadResult: 0
  FileSizes: []
  Exists: 0
--- !u!114 &6138176677667734932
MonoBehaviour:
  m_ObjectHideFlags: 0
  m_CorrespondingSourceObject: {fileID: 0}
  m_PrefabInstance: {fileID: 0}
  m_PrefabAsset: {fileID: 0}
  m_GameObject: {fileID: 0}
  m_Enabled: 1
  m_EditorHideFlags: 0
  m_Script: {fileID: 11500000, guid: c18180ecb35941f4682ae60107b85b7c, type: 3}
  m_Name: bank:/Master.strings.bank
  m_EditorClassIdentifier: 
  Path: AdvMechanicsFinal/Build/Desktop/Master.strings.bank
  SubDir: 
  lastModified: 637222909927628297
  LoadResult: 0
  FileSizes:
  - Name: Desktop
    Value: 1486
  Exists: 1
--- !u!114 &6174337674744004935
MonoBehaviour:
  m_ObjectHideFlags: 0
  m_CorrespondingSourceObject: {fileID: 0}
  m_PrefabInstance: {fileID: 0}
  m_PrefabAsset: {fileID: 0}
  m_GameObject: {fileID: 0}
  m_Enabled: 1
  m_EditorHideFlags: 0
  m_Script: {fileID: 11500000, guid: c18180ecb35941f4682ae60107b85b7c, type: 3}
  m_Name: bank:/Master.bank
  m_EditorClassIdentifier: 
  Path: AdvMechanicsFinal/Build/Desktop/Master.bank
  SubDir: 
  lastModified: 637221248617545276
  LoadResult: 0
  FileSizes: []
  Exists: 0
--- !u!114 &6271471489380449915
MonoBehaviour:
  m_ObjectHideFlags: 0
  m_CorrespondingSourceObject: {fileID: 0}
  m_PrefabInstance: {fileID: 0}
  m_PrefabAsset: {fileID: 0}
  m_GameObject: {fileID: 0}
  m_Enabled: 1
  m_EditorHideFlags: 0
  m_Script: {fileID: 11500000, guid: c18180ecb35941f4682ae60107b85b7c, type: 3}
  m_Name: bank:/Music.bank
  m_EditorClassIdentifier: 
  Path: AdvMechanicsFinal/Build/Desktop/Music.bank
  SubDir: 
  lastModified: 637222909085720713
  LoadResult: 0
  FileSizes: []
  Exists: 0
--- !u!114 &6288410104741801845
MonoBehaviour:
  m_ObjectHideFlags: 0
  m_CorrespondingSourceObject: {fileID: 0}
  m_PrefabInstance: {fileID: 0}
  m_PrefabAsset: {fileID: 0}
  m_GameObject: {fileID: 0}
  m_Enabled: 1
  m_EditorHideFlags: 0
  m_Script: {fileID: 11500000, guid: c18180ecb35941f4682ae60107b85b7c, type: 3}
  m_Name: bank:/Master.bank
  m_EditorClassIdentifier: 
  Path: AdvMechanicsFinal/Build/Desktop/Master.bank
  SubDir: 
  lastModified: 637220982197023624
  LoadResult: 0
  FileSizes: []
  Exists: 0
--- !u!114 &6328442400584908972
MonoBehaviour:
  m_ObjectHideFlags: 0
  m_CorrespondingSourceObject: {fileID: 0}
  m_PrefabInstance: {fileID: 0}
  m_PrefabAsset: {fileID: 0}
  m_GameObject: {fileID: 0}
  m_Enabled: 1
  m_EditorHideFlags: 0
  m_Script: {fileID: 11500000, guid: c18180ecb35941f4682ae60107b85b7c, type: 3}
  m_Name: bank:/Ambience.bank
  m_EditorClassIdentifier: 
  Path: AdvMechanicsFinal/Build/Desktop/Ambience.bank
  SubDir: 
  lastModified: 637220884705830305
  LoadResult: 0
  FileSizes: []
  Exists: 0
--- !u!114 &6486890316171183040
MonoBehaviour:
  m_ObjectHideFlags: 0
  m_CorrespondingSourceObject: {fileID: 0}
  m_PrefabInstance: {fileID: 0}
  m_PrefabAsset: {fileID: 0}
  m_GameObject: {fileID: 0}
  m_Enabled: 1
  m_EditorHideFlags: 0
  m_Script: {fileID: 11500000, guid: c18180ecb35941f4682ae60107b85b7c, type: 3}
  m_Name: bank:/Dialogue.bank
  m_EditorClassIdentifier: 
  Path: AdvMechanicsFinal/Build/Desktop/Dialogue.bank
  SubDir: 
  lastModified: 637222182896934295
  LoadResult: 0
  FileSizes: []
  Exists: 0
--- !u!114 &6497042552715759101
MonoBehaviour:
  m_ObjectHideFlags: 0
  m_CorrespondingSourceObject: {fileID: 0}
  m_PrefabInstance: {fileID: 0}
  m_PrefabAsset: {fileID: 0}
  m_GameObject: {fileID: 0}
  m_Enabled: 1
  m_EditorHideFlags: 0
  m_Script: {fileID: 11500000, guid: c18180ecb35941f4682ae60107b85b7c, type: 3}
  m_Name: bank:/Master.bank
  m_EditorClassIdentifier: 
  Path: AdvMechanicsFinal/Build/Desktop/Master.bank
  SubDir: 
  lastModified: 637222909639793140
  LoadResult: 0
  FileSizes: []
  Exists: 0
--- !u!114 &6690072147938277292
MonoBehaviour:
  m_ObjectHideFlags: 0
  m_CorrespondingSourceObject: {fileID: 0}
  m_PrefabInstance: {fileID: 0}
  m_PrefabAsset: {fileID: 0}
  m_GameObject: {fileID: 0}
  m_Enabled: 1
  m_EditorHideFlags: 0
  m_Script: {fileID: 11500000, guid: fecb8ef7f94ca804a8ab72049b86782e, type: 3}
  m_Name: parameter:/Music/State
  m_EditorClassIdentifier: 
  Name: State
  Min: 0
  Max: 1
  Default: 0
  Exists: 0
--- !u!114 &6962556268147807980
MonoBehaviour:
  m_ObjectHideFlags: 0
  m_CorrespondingSourceObject: {fileID: 0}
  m_PrefabInstance: {fileID: 0}
  m_PrefabAsset: {fileID: 0}
  m_GameObject: {fileID: 0}
  m_Enabled: 1
  m_EditorHideFlags: 0
  m_Script: {fileID: 11500000, guid: c18180ecb35941f4682ae60107b85b7c, type: 3}
  m_Name: bank:/Ambience.bank
  m_EditorClassIdentifier: 
  Path: AdvMechanicsFinal/Build/Desktop/Ambience.bank
  SubDir: 
  lastModified: 637220901845506566
  LoadResult: 0
  FileSizes: []
  Exists: 0
--- !u!114 &6966840303367734534
MonoBehaviour:
  m_ObjectHideFlags: 0
  m_CorrespondingSourceObject: {fileID: 0}
  m_PrefabInstance: {fileID: 0}
  m_PrefabAsset: {fileID: 0}
  m_GameObject: {fileID: 0}
  m_Enabled: 1
  m_EditorHideFlags: 0
  m_Script: {fileID: 11500000, guid: c18180ecb35941f4682ae60107b85b7c, type: 3}
  m_Name: bank:/Ambience.bank
  m_EditorClassIdentifier: 
  Path: AdvMechanicsFinal/Build/Desktop/Ambience.bank
  SubDir: 
  lastModified: 637220902808280076
  LoadResult: 0
  FileSizes: []
  Exists: 0
--- !u!114 &6978122544065241089
MonoBehaviour:
  m_ObjectHideFlags: 0
  m_CorrespondingSourceObject: {fileID: 0}
  m_PrefabInstance: {fileID: 0}
  m_PrefabAsset: {fileID: 0}
  m_GameObject: {fileID: 0}
  m_Enabled: 1
  m_EditorHideFlags: 0
  m_Script: {fileID: 11500000, guid: fecb8ef7f94ca804a8ab72049b86782e, type: 3}
  m_Name: parameter:/Music/State
  m_EditorClassIdentifier: 
  Name: State
  Min: 0
  Max: 1
  Default: 0
  Exists: 1
--- !u!114 &7058060183926209708
MonoBehaviour:
  m_ObjectHideFlags: 0
  m_CorrespondingSourceObject: {fileID: 0}
  m_PrefabInstance: {fileID: 0}
  m_PrefabAsset: {fileID: 0}
  m_GameObject: {fileID: 0}
  m_Enabled: 1
  m_EditorHideFlags: 0
  m_Script: {fileID: 11500000, guid: c18180ecb35941f4682ae60107b85b7c, type: 3}
  m_Name: bank:/Dialogue.bank
  m_EditorClassIdentifier: 
  Path: AdvMechanicsFinal/Build/Desktop/Dialogue.bank
  SubDir: 
  lastModified: 637221266861133151
  LoadResult: 0
  FileSizes: []
  Exists: 0
--- !u!114 &7222042656245398173
MonoBehaviour:
  m_ObjectHideFlags: 0
  m_CorrespondingSourceObject: {fileID: 0}
  m_PrefabInstance: {fileID: 0}
  m_PrefabAsset: {fileID: 0}
  m_GameObject: {fileID: 0}
  m_Enabled: 1
  m_EditorHideFlags: 0
  m_Script: {fileID: 11500000, guid: c18180ecb35941f4682ae60107b85b7c, type: 3}
  m_Name: bank:/Music.bank
  m_EditorClassIdentifier: 
  Path: AdvMechanicsFinal/Build/Desktop/Music.bank
  SubDir: 
  lastModified: 637222375553674625
  LoadResult: 0
  FileSizes: []
  Exists: 0
--- !u!114 &7369062453188066373
MonoBehaviour:
  m_ObjectHideFlags: 0
  m_CorrespondingSourceObject: {fileID: 0}
  m_PrefabInstance: {fileID: 0}
  m_PrefabAsset: {fileID: 0}
  m_GameObject: {fileID: 0}
  m_Enabled: 1
  m_EditorHideFlags: 0
  m_Script: {fileID: 11500000, guid: c18180ecb35941f4682ae60107b85b7c, type: 3}
  m_Name: bank:/Guns.bank
  m_EditorClassIdentifier: 
  Path: AdvMechanicsFinal/Build/Desktop/Guns.bank
  SubDir: 
  lastModified: 637220480676349233
  LoadResult: 0
  FileSizes: []
  Exists: 1
--- !u!114 &7484736293461862100
MonoBehaviour:
  m_ObjectHideFlags: 0
  m_CorrespondingSourceObject: {fileID: 0}
  m_PrefabInstance: {fileID: 0}
  m_PrefabAsset: {fileID: 0}
  m_GameObject: {fileID: 0}
  m_Enabled: 1
  m_EditorHideFlags: 0
  m_Script: {fileID: 11500000, guid: ceb653cd98e289a4e8697a1af55201f2, type: 3}
  m_Name: event:/UIClick
  m_EditorClassIdentifier: 
  Path: event:/UIClick
  guid: 0157da1c2635f74cbd49a65c4266d049
  Banks:
  - {fileID: 4388725985711125424}
  IsStream: 0
  Is3D: 0
  IsOneShot: 1
  Parameters: []
  MinDistance: 0
  MaxDistance: 0
  Length: 690
--- !u!114 &7647586490733464338
MonoBehaviour:
  m_ObjectHideFlags: 0
  m_CorrespondingSourceObject: {fileID: 0}
  m_PrefabInstance: {fileID: 0}
  m_PrefabAsset: {fileID: 0}
  m_GameObject: {fileID: 0}
  m_Enabled: 1
  m_EditorHideFlags: 0
  m_Script: {fileID: 11500000, guid: fecb8ef7f94ca804a8ab72049b86782e, type: 3}
  m_Name: parameter:/ShellClatter/Collection
  m_EditorClassIdentifier: 
  Name: Collection
  Min: 0
  Max: 1
  Default: 0
  Exists: 0
--- !u!114 &7680854010002658344
MonoBehaviour:
  m_ObjectHideFlags: 0
  m_CorrespondingSourceObject: {fileID: 0}
  m_PrefabInstance: {fileID: 0}
  m_PrefabAsset: {fileID: 0}
  m_GameObject: {fileID: 0}
  m_Enabled: 1
  m_EditorHideFlags: 0
  m_Script: {fileID: 11500000, guid: c18180ecb35941f4682ae60107b85b7c, type: 3}
  m_Name: bank:/Music.bank
  m_EditorClassIdentifier: 
  Path: AdvMechanicsFinal/Build/Desktop/Music.bank
  SubDir: 
  lastModified: 637220937463388737
  LoadResult: 0
  FileSizes: []
  Exists: 0
--- !u!114 &7783898605287294310
MonoBehaviour:
  m_ObjectHideFlags: 0
  m_CorrespondingSourceObject: {fileID: 0}
  m_PrefabInstance: {fileID: 0}
  m_PrefabAsset: {fileID: 0}
  m_GameObject: {fileID: 0}
  m_Enabled: 1
  m_EditorHideFlags: 0
  m_Script: {fileID: 11500000, guid: c18180ecb35941f4682ae60107b85b7c, type: 3}
  m_Name: bank:/UI.bank
  m_EditorClassIdentifier: 
  Path: AdvMechanicsFinal/Build/Desktop/UI.bank
  SubDir: 
  lastModified: 637221179957065149
  LoadResult: 0
  FileSizes: []
  Exists: 0
--- !u!114 &8143318539098585115
MonoBehaviour:
  m_ObjectHideFlags: 0
  m_CorrespondingSourceObject: {fileID: 0}
  m_PrefabInstance: {fileID: 0}
  m_PrefabAsset: {fileID: 0}
  m_GameObject: {fileID: 0}
  m_Enabled: 1
  m_EditorHideFlags: 0
  m_Script: {fileID: 11500000, guid: c18180ecb35941f4682ae60107b85b7c, type: 3}
  m_Name: bank:/Ambience.bank
  m_EditorClassIdentifier: 
  Path: AdvMechanicsFinal/Build/Desktop/Ambience.bank
  SubDir: 
  lastModified: 637222182896475528
  LoadResult: 0
  FileSizes: []
  Exists: 0
--- !u!114 &8155809545804814269
MonoBehaviour:
  m_ObjectHideFlags: 0
  m_CorrespondingSourceObject: {fileID: 0}
  m_PrefabInstance: {fileID: 0}
  m_PrefabAsset: {fileID: 0}
  m_GameObject: {fileID: 0}
  m_Enabled: 1
  m_EditorHideFlags: 0
  m_Script: {fileID: 11500000, guid: c18180ecb35941f4682ae60107b85b7c, type: 3}
  m_Name: bank:/Master.bank
  m_EditorClassIdentifier: 
  Path: AdvMechanicsFinal/Build/Desktop/Master.bank
  SubDir: 
  lastModified: 637222182898719522
  LoadResult: 0
  FileSizes: []
  Exists: 0
--- !u!114 &8173923487995942190
MonoBehaviour:
  m_ObjectHideFlags: 0
  m_CorrespondingSourceObject: {fileID: 0}
  m_PrefabInstance: {fileID: 0}
  m_PrefabAsset: {fileID: 0}
  m_GameObject: {fileID: 0}
  m_Enabled: 1
  m_EditorHideFlags: 0
  m_Script: {fileID: 11500000, guid: c18180ecb35941f4682ae60107b85b7c, type: 3}
  m_Name: bank:/Ambience.bank
  m_EditorClassIdentifier: 
  Path: AdvMechanicsFinal/Build/Desktop/Ambience.bank
  SubDir: 
  lastModified: 637220641900107534
  LoadResult: 0
  FileSizes: []
  Exists: 0
--- !u!114 &8260576596351114875
MonoBehaviour:
  m_ObjectHideFlags: 0
  m_CorrespondingSourceObject: {fileID: 0}
  m_PrefabInstance: {fileID: 0}
  m_PrefabAsset: {fileID: 0}
  m_GameObject: {fileID: 0}
  m_Enabled: 1
  m_EditorHideFlags: 0
  m_Script: {fileID: 11500000, guid: c18180ecb35941f4682ae60107b85b7c, type: 3}
  m_Name: bank:/Guns.bank
  m_EditorClassIdentifier: 
  Path: AdvMechanicsFinal/Build/Desktop/Guns.bank
  SubDir: 
  lastModified: 637222909639713352
  LoadResult: 0
  FileSizes: []
  Exists: 0
--- !u!114 &8851624573140597642
MonoBehaviour:
  m_ObjectHideFlags: 0
  m_CorrespondingSourceObject: {fileID: 0}
  m_PrefabInstance: {fileID: 0}
  m_PrefabAsset: {fileID: 0}
  m_GameObject: {fileID: 0}
  m_Enabled: 1
  m_EditorHideFlags: 0
  m_Script: {fileID: 11500000, guid: ceb653cd98e289a4e8697a1af55201f2, type: 3}
  m_Name: event:/BatteryOn
  m_EditorClassIdentifier: 
  Path: event:/BatteryOn
  guid: 1923b3452b4c7e4a8ec789e86902dde7
  Banks:
  - {fileID: 2597910986944167584}
  IsStream: 0
  Is3D: 1
  IsOneShot: 0
  Parameters: []
  MinDistance: 1
  MaxDistance: 20
  Length: 2909
--- !u!114 &8884992283133667603
MonoBehaviour:
  m_ObjectHideFlags: 0
  m_CorrespondingSourceObject: {fileID: 0}
  m_PrefabInstance: {fileID: 0}
  m_PrefabAsset: {fileID: 0}
  m_GameObject: {fileID: 0}
  m_Enabled: 1
  m_EditorHideFlags: 0
  m_Script: {fileID: 11500000, guid: c18180ecb35941f4682ae60107b85b7c, type: 3}
  m_Name: bank:/UI.bank
  m_EditorClassIdentifier: 
  Path: AdvMechanicsFinal/Build/Desktop/UI.bank
  SubDir: 
  lastModified: 637220937464844847
  LoadResult: 0
  FileSizes: []
  Exists: 0
--- !u!114 &9199087927869791565
MonoBehaviour:
  m_ObjectHideFlags: 0
  m_CorrespondingSourceObject: {fileID: 0}
  m_PrefabInstance: {fileID: 0}
  m_PrefabAsset: {fileID: 0}
  m_GameObject: {fileID: 0}
  m_Enabled: 1
  m_EditorHideFlags: 0
  m_Script: {fileID: 11500000, guid: c18180ecb35941f4682ae60107b85b7c, type: 3}
  m_Name: bank:/Dialogue.bank
  m_EditorClassIdentifier: 
  Path: AdvMechanicsFinal/Build/Desktop/Dialogue.bank
  SubDir: 
  lastModified: 637222375505001769
  LoadResult: 0
  FileSizes: []
  Exists: 0
